<?xml version="1.0" encoding="UTF-8"?>
<!DOCTYPE html PUBLIC "-//W3C//DTD XHTML 1.0 Transitional//EN"
    "http://www.w3.org/TR/xhtml1/DTD/xhtml1-transitional.dtd">
<html xmlns="http://www.w3.org/1999/xhtml" xml:lang="en" lang="en">
 <head>
  <title>
</title>
<meta http-equiv="Content-Type" content="text/html;charset=utf-8" />
  <meta name='ocr-system' content='tesseract 3.04.00' />
  <meta name='ocr-capabilities' content='ocr_page ocr_carea ocr_par ocr_line ocrx_word'/>
</head>
<body>
  <div class='ocr_page' id='page_1' title='image "./bullarumdiplomat13cath_0041.png"; bbox 0 0 2269 3235; ppageno 0'>
   <div class='ocr_carea' id='block_1_1' title="bbox 80 264 260 294">
    <p class='ocr_par' dir='ltr' id='par_1_1' title="bbox 80 264 260 294">
     <span class='ocr_line' id='line_1_1' title="bbox 80 264 260 294; baseline -0.017 0"><span class='ocrx_word' id='word_1_1' title='bbox 80 268 116 294; x_wconf 83' lang='grc' dir='ltr'>Α11</span> <span class='ocrx_word' id='word_1_2' title='bbox 144 265 171 292; x_wconf 85' lang='lat' dir='ltr'>C.</span> <span class='ocrx_word' id='word_1_3' title='bbox 194 264 260 291; x_wconf 64' lang='lat'>1⁶23</span> 
     </span>
    </p>
   </div>
   <div class='ocr_carea' id='block_1_2' title="bbox 277 265 1022 518">
    <p class='ocr_par' dir='ltr' id='par_1_2' title="bbox 277 265 1022 518">
     <span class='ocr_line' id='line_1_2' title="bbox 879 265 1022 289; baseline 0 -1"><span class='ocrx_word' id='word_1_4' title='bbox 879 265 1022 289; x_wconf 61' lang='grc'><strong>0001005</strong></span> 
     </span>
     <span class='ocr_line' id='line_1_3' title="bbox 277 312 1018 354; baseline 0 -9"><span class='ocrx_word' id='word_1_5' title='bbox 277 312 449 346; x_wconf 79' lang='lat' dir='ltr'>clesiastica</span> <span class='ocrx_word' id='word_1_6' title='bbox 473 313 668 354; x_wconf 78' lang='lat' dir='ltr'>constitutae,</span> <span class='ocrx_word' id='word_1_7' title='bbox 684 318 744 345; x_wconf 91' lang='lat' dir='ltr'>tam</span> <span class='ocrx_word' id='word_1_8' title='bbox 763 313 793 345; x_wconf 92' lang='lat' dir='ltr'>in</span> <span class='ocrx_word' id='word_1_9' title='bbox 810 313 950 346; x_wconf 77' lang='lat' dir='ltr'>Romana</span> <span class='ocrx_word' id='word_1_10' title='bbox 968 323 1018 345; x_wconf 91' lang='lat' dir='ltr'>cu-</span> 
     </span>
     <span class='ocr_line' id='line_1_4' title="bbox 278 365 1018 410; baseline 0.001 -12"><span class='ocrx_word' id='word_1_11' title='bbox 278 366 325 399; x_wconf 78' lang='lat' dir='ltr'>ria</span> <span class='ocrx_word' id='word_1_12' title='bbox 349 377 444 410; x_wconf 86' lang='lat' dir='ltr'>quam</span> <span class='ocrx_word' id='word_1_13' title='bbox 475 371 563 399; x_wconf 89' lang='lat' dir='ltr'>extra</span> <span class='ocrx_word' id='word_1_14' title='bbox 587 377 673 407; x_wconf 87' lang='lat' dir='ltr'>eam,</span> <span class='ocrx_word' id='word_1_15' title='bbox 698 365 735 398; x_wconf 90' lang='lat' dir='ltr'>ad</span> <span class='ocrx_word' id='word_1_16' title='bbox 761 365 791 398; x_wconf 92' lang='lat' dir='ltr'>id</span> <span class='ocrx_word' id='word_1_17' title='bbox 824 376 882 409; x_wconf 88' lang='lat' dir='ltr'>per</span> <span class='ocrx_word' id='word_1_18' title='bbox 910 376 964 399; x_wconf 88' lang='lat' dir='ltr'>eos</span> <span class='ocrx_word' id='word_1_19' title='bbox 988 370 1018 399; x_wconf 88' lang='lat' dir='ltr'>et</span> 
     </span>
     <span class='ocr_line' id='line_1_5' title="bbox 277 419 1017 463; baseline 0 -11"><span class='ocrx_word' id='word_1_20' title='bbox 277 429 386 452; x_wconf 91' lang='lat' dir='ltr'>eorum</span> <span class='ocrx_word' id='word_1_21' title='bbox 411 420 552 463; x_wconf 87' lang='lat' dir='ltr'>singulos</span> <span class='ocrx_word' id='word_1_22' title='bbox 582 419 717 462; x_wconf 82' lang='lat' dir='ltr'>eligendi</span> <span class='ocrx_word' id='word_1_23' title='bbox 748 429 802 452; x_wconf 87' lang='grc'>500</span> <span class='ocrx_word' id='word_1_24' title='bbox 835 419 1017 462; x_wconf 76' lang='lat' dir='ltr'><strong>eligendae,</strong></span> 
     </span>
     <span class='ocr_line' id='line_1_6' title="bbox 277 472 1017 518; baseline 0 -13"><span class='ocrx_word' id='word_1_25' title='bbox 277 483 491 517; x_wconf 89' lang='lat' dir='ltr'>quascumque</span> <span class='ocrx_word' id='word_1_26' title='bbox 503 474 669 518; x_wconf 81' lang='lat' dir='ltr'>pensiones</span> <span class='ocrx_word' id='word_1_27' title='bbox 681 483 800 505; x_wconf 90' lang='lat' dir='ltr'>annuas</span> <span class='ocrx_word' id='word_1_28' title='bbox 813 472 857 505; x_wconf 91' lang='grc'>015</span> <span class='ocrx_word' id='word_1_29' title='bbox 867 478 1017 506; x_wconf 88' lang='lat' dir='ltr'>eteorum</span> 
     </span>
    </p>
   </div>
   <div class='ocr_carea' id='block_1_3' title="bbox 277 525 1036 622">
    <p class='ocr_par' dir='ltr' id='par_1_3' title="bbox 277 525 1036 622">
     <span class='ocr_line' id='line_1_7' title="bbox 277 525 1036 570; baseline 0.001 -13"><span class='ocrx_word' id='word_1_30' title='bbox 277 526 410 569; x_wconf 82' lang='lat' dir='ltr'>singulis</span> <span class='ocrx_word' id='word_1_31' title='bbox 441 537 536 570; x_wconf 90' lang='lat' dir='ltr'>super</span> <span class='ocrx_word' id='word_1_32' title='bbox 563 526 814 570; x_wconf 85' lang='lat' dir='ltr'>quibuscumque</span> <span class='ocrx_word' id='word_1_33' title='bbox 846 525 1036 565; x_wconf 46' lang='lat' dir='ltr'>fructibusf</span> 
     </span>
     <span class='ocr_line' id='line_1_8' title="bbox 277 578 1036 622; baseline -0.001 -11"><span class='ocrx_word' id='word_1_34' title='bbox 277 579 450 612; x_wconf 81' lang='lat' dir='ltr'>redditibus</span> <span class='ocrx_word' id='word_1_35' title='bbox 470 584 500 611; x_wconf 86' lang='lat' dir='ltr'>et</span> <span class='ocrx_word' id='word_1_36' title='bbox 522 578 726 622; x_wconf 88' lang='lat' dir='ltr'>proventibus</span> <span class='ocrx_word' id='word_1_37' title='bbox 743 588 1017 622; x_wconf 89' lang='lat' dir='ltr'>quorumcumque</span> <span class='ocrx_word' id='word_1_38' title='bbox 1035 598 1036 601; x_wconf 64' lang='lat'><em>=</em></span> 
     </span>
    </p>
   </div>
   <div class='ocr_carea' id='block_1_4' title="bbox 275 632 1019 944">
    <p class='ocr_par' dir='ltr' id='par_1_4' title="bbox 275 632 1019 944">
     <span class='ocr_line' id='line_1_9' title="bbox 275 632 1018 675; baseline 0 -11"><span class='ocrx_word' id='word_1_39' title='bbox 275 632 502 666; x_wconf 88' lang='lat' dir='ltr'>beneficiorum</span> <span class='ocrx_word' id='word_1_40' title='bbox 526 633 820 672; x_wconf 88' lang='lat' dir='ltr'>ecclesiasticorum,</span> <span class='ocrx_word' id='word_1_41' title='bbox 845 632 937 665; x_wconf 89' lang='lat' dir='ltr'>etiam</span> <span class='ocrx_word' id='word_1_42' title='bbox 961 643 1018 675; x_wconf 89' lang='lat' dir='ltr'>per</span> 
     </span>
     <span class='ocr_line' id='line_1_10' title="bbox 277 685 1019 719; baseline 0 -1"><span class='ocrx_word' id='word_1_43' title='bbox 277 691 400 719; x_wconf 87' lang='lat' dir='ltr'>sanctae</span> <span class='ocrx_word' id='word_1_44' title='bbox 425 686 583 719; x_wconf 76' lang='lat' dir='ltr'>Romanae</span> <span class='ocrx_word' id='word_1_45' title='bbox 600 686 758 719; x_wconf 77' lang='lat' dir='ltr'>Ecclesiae</span> <span class='ocrx_word' id='word_1_46' title='bbox 775 685 949 719; x_wconf 76' lang='lat' dir='ltr'>cardinales</span> <span class='ocrx_word' id='word_1_47' title='bbox 966 685 1019 719; x_wconf 92' lang='lat' dir='ltr'>ob-</span> 
     </span>
     <span class='ocr_line' id='line_1_11' title="bbox 275 739 1017 783; baseline -0.001 -11"><span class='ocrx_word' id='word_1_48' title='bbox 275 744 434 773; x_wconf 89' lang='lat' dir='ltr'>tentorum</span> <span class='ocrx_word' id='word_1_49' title='bbox 458 744 488 772; x_wconf 90' lang='lat' dir='ltr'>et</span> <span class='ocrx_word' id='word_1_50' title='bbox 515 739 722 783; x_wconf 85' lang='lat' dir='ltr'>imposterum</span> <span class='ocrx_word' id='word_1_51' title='bbox 753 739 1017 779; x_wconf 89' lang='lat' dir='ltr'>obtinendorum,</span> 
     </span>
     <span class='ocr_line' id='line_1_12' title="bbox 276 793 1019 834; baseline -0.003 -7"><span class='ocrx_word' id='word_1_52' title='bbox 276 805 347 826; x_wconf 87' lang='lat' dir='ltr'>curn</span> <span class='ocrx_word' id='word_1_53' title='bbox 379 795 456 827; x_wconf 76' lang='lat' dir='ltr'>cura</span> <span class='ocrx_word' id='word_1_54' title='bbox 487 798 517 826; x_wconf 88' lang='lat' dir='ltr'>et</span> <span class='ocrx_word' id='word_1_55' title='bbox 551 793 618 826; x_wconf 88' lang='lat' dir='ltr'>sine</span> <span class='ocrx_word' id='word_1_56' title='bbox 649 795 743 834; x_wconf 74' lang='lat' dir='ltr'>cura,</span> <span class='ocrx_word' id='word_1_57' title='bbox 769 793 958 826; x_wconf 83' lang='lat' dir='ltr'>secularium</span> <span class='ocrx_word' id='word_1_58' title='bbox 989 796 1019 826; x_wconf 91' lang='lat' dir='ltr'>et</span> 
     </span>
     <span class='ocr_line' id='line_1_13' title="bbox 275 846 1018 890; baseline -0.001 -11"><span class='ocrx_word' id='word_1_59' title='bbox 275 847 458 890; x_wconf 84' lang='lat' dir='ltr'>quorumvis</span> <span class='ocrx_word' id='word_1_60' title='bbox 483 847 634 880; x_wconf 90' lang='lat' dir='ltr'>Ordinum</span> <span class='ocrx_word' id='word_1_61' title='bbox 658 847 863 889; x_wconf 79' lang='lat' dir='ltr'>regularium,</span> <span class='ocrx_word' id='word_1_62' title='bbox 881 857 936 879; x_wconf 90' lang='lat' dir='ltr'>seu</span> <span class='ocrx_word' id='word_1_63' title='bbox 952 846 1018 878; x_wconf 85' lang='lat' dir='ltr'>fru-</span> 
     </span>
     <span class='ocr_line' id='line_1_14' title="bbox 276 900 1018 944; baseline -0.001 -11"><span class='ocrx_word' id='word_1_64' title='bbox 276 904 353 941; x_wconf 89' lang='lat' dir='ltr'>ctus,</span> <span class='ocrx_word' id='word_1_65' title='bbox 369 900 510 933; x_wconf 85' lang='lat' dir='ltr'>redditus</span> <span class='ocrx_word' id='word_1_66' title='bbox 527 906 557 933; x_wconf 88' lang='lat' dir='ltr'>et</span> <span class='ocrx_word' id='word_1_67' title='bbox 573 906 743 944; x_wconf 88' lang='lat' dir='ltr'>proventus</span> <span class='ocrx_word' id='word_1_68' title='bbox 766 900 946 933; x_wconf 89' lang='lat' dir='ltr'>huiusmodi</span> <span class='ocrx_word' id='word_1_69' title='bbox 963 900 1018 932; x_wconf 87' lang='lat' dir='ltr'>be-</span> 
     </span>
    </p>
   </div>
   <div class='ocr_carea' id='block_1_5' title="bbox 275 953 1037 1050">
    <p class='ocr_par' dir='ltr' id='par_1_5' title="bbox 275 953 1037 1050">
     <span class='ocr_line' id='line_1_15' title="bbox 275 953 1037 997; baseline -0.003 -10"><span class='ocrx_word' id='word_1_70' title='bbox 275 954 461 987; x_wconf 88' lang='lat' dir='ltr'>neficiorum</span> <span class='ocrx_word' id='word_1_71' title='bbox 493 959 669 987; x_wconf 82' lang='lat' dir='ltr'>reservatos</span> <span class='ocrx_word' id='word_1_72' title='bbox 702 965 758 986; x_wconf 89' lang='lat' dir='ltr'>seu</span> <span class='ocrx_word' id='word_1_73' title='bbox 789 953 1037 997; x_wconf 30' lang='lat' dir='ltr'>reservandos*</span> 
     </span>
     <span class='ocr_line' id='line_1_16' title="bbox 275 1006 1036 1050; baseline 0 -10"><span class='ocrx_word' id='word_1_74' title='bbox 275 1008 396 1040; x_wconf 83' lang='lat' dir='ltr'>etiamsi</span> <span class='ocrx_word' id='word_1_75' title='bbox 421 1008 496 1040; x_wconf 80' lang='lat' dir='ltr'>alias</span> <span class='ocrx_word' id='word_1_76' title='bbox 520 1008 616 1040; x_wconf 90' lang='lat' dir='ltr'>semel</span> <span class='ocrx_word' id='word_1_77' title='bbox 641 1012 694 1039; x_wconf 90' lang='lat' dir='ltr'>aut</span> <span class='ocrx_word' id='word_1_78' title='bbox 714 1007 834 1050; x_wconf 88' lang='lat' dir='ltr'>pluries</span> <span class='ocrx_word' id='word_1_79' title='bbox 851 1006 1017 1039; x_wconf 79' lang='lat' dir='ltr'>translatae</span> <span class='ocrx_word' id='word_1_80' title='bbox 1035 1016 1036 1040; x_wconf 64' lang='grc' dir='ltr'>ἕ</span> 
     </span>
    </p>
   </div>
   <div class='ocr_carea' id='block_1_6' title="bbox 276 1060 1018 1147">
    <p class='ocr_par' dir='ltr' id='par_1_6' title="bbox 276 1060 1018 1147">
     <span class='ocr_line' id='line_1_17' title="bbox 276 1060 1016 1102; baseline -0.001 -9"><span class='ocrx_word' id='word_1_81' title='bbox 276 1071 330 1093; x_wconf 91' lang='lat' dir='ltr'>scu</span> <span class='ocrx_word' id='word_1_82' title='bbox 355 1060 495 1094; x_wconf 74' lang='lat' dir='ltr'>translati</span> <span class='ocrx_word' id='word_1_83' title='bbox 520 1060 650 1100; x_wconf 88' lang='lat' dir='ltr'>suerint,</span> <span class='ocrx_word' id='word_1_84' title='bbox 675 1070 775 1102; x_wconf 88' lang='lat' dir='ltr'>usque</span> <span class='ocrx_word' id='word_1_85' title='bbox 799 1060 837 1092; x_wconf 91' lang='lat' dir='ltr'>ad</span> <span class='ocrx_word' id='word_1_86' title='bbox 862 1070 1016 1092; x_wconf 88' lang='lat' dir='ltr'>summam</span> 
     </span>
     <span class='ocr_line' id='line_1_18' title="bbox 277 1113 1018 1147; baseline -0.003 0"><span class='ocrx_word' id='word_1_87' title='bbox 277 1120 401 1147; x_wconf 88' lang='grc'><strong>00011110</strong></span> <span class='ocrx_word' id='word_1_88' title='bbox 426 1114 612 1147; x_wconf 82' lang='lat' dir='ltr'>ducatorum</span> <span class='ocrx_word' id='word_1_89' title='bbox 629 1113 696 1146; x_wconf 87' lang='lat' dir='ltr'>auri</span> <span class='ocrx_word' id='word_1_90' title='bbox 723 1113 760 1146; x_wconf 91' lang='lat' dir='ltr'>de</span> <span class='ocrx_word' id='word_1_91' title='bbox 785 1115 910 1146; x_wconf 71' lang='lat' dir='ltr'>camera</span> <span class='ocrx_word' id='word_1_92' title='bbox 935 1114 1018 1146; x_wconf 88' lang='lat' dir='ltr'>simi-</span> 
     </span>
    </p>
   </div>
   <div class='ocr_carea' id='block_1_7' title="bbox 277 1166 1035 1261">
    <p class='ocr_par' dir='ltr' id='par_1_7' title="bbox 277 1166 1035 1261">
     <span class='ocr_line' id='line_1_19' title="bbox 278 1166 1035 1209; baseline -0.003 -10"><span class='ocrx_word' id='word_1_93' title='bbox 278 1168 374 1207; x_wconf 87' lang='lat' dir='ltr'>lium,</span> <span class='ocrx_word' id='word_1_94' title='bbox 400 1167 431 1199; x_wconf 92' lang='lat' dir='ltr'>in</span> <span class='ocrx_word' id='word_1_95' title='bbox 454 1171 519 1200; x_wconf 90' lang='grc'><strong>1010</strong></span> <span class='ocrx_word' id='word_1_96' title='bbox 544 1167 590 1199; x_wconf 81' lang='lat' dir='ltr'>vel</span> <span class='ocrx_word' id='word_1_97' title='bbox 614 1167 645 1198; x_wconf 94' lang='lat' dir='ltr'>in</span> <span class='ocrx_word' id='word_1_98' title='bbox 670 1171 777 1209; x_wconf 85' lang='lat' dir='ltr'>parte,</span> <span class='ocrx_word' id='word_1_99' title='bbox 803 1176 838 1198; x_wconf 87' lang='lat' dir='ltr'>ac</span> <span class='ocrx_word' id='word_1_100' title='bbox 868 1166 960 1198; x_wconf 88' lang='lat' dir='ltr'>ctiam</span> <span class='ocrx_word' id='word_1_101' title='bbox 985 1166 1035 1197; x_wconf 92' lang='lat' dir='ltr'>in·</span> 
     </span>
     <span class='ocr_line' id='line_1_20' title="bbox 277 1209 1035 1261; baseline -0.004 -8"><span class='ocrx_word' id='word_1_102' title='bbox 277 1221 386 1253; x_wconf 86' lang='grc'><strong>11101115</strong></span> <span class='ocrx_word' id='word_1_103' title='bbox 410 1220 551 1258; x_wconf 87' lang='lat' dir='ltr'>articulo,</span> <span class='ocrx_word' id='word_1_104' title='bbox 572 1230 695 1251; x_wconf 86' lang='lat' dir='ltr'>cassare</span> <span class='ocrx_word' id='word_1_105' title='bbox 720 1224 750 1251; x_wconf 88' lang='lat' dir='ltr'>ct</span> <span class='ocrx_word' id='word_1_106' title='bbox 775 1219 968 1261; x_wconf 75' lang='lat' dir='ltr'>extinguere,</span> <span class='ocrx_word' id='word_1_107' title='bbox 987 1209 1035 1251; x_wconf 61' lang='lat' dir='ltr'>et?</span> 
     </span>
    </p>
   </div>
   <div class='ocr_carea' id='block_1_8' title="bbox 275 1272 1014 1316">
    <p class='ocr_par' dir='ltr' id='par_1_8' title="bbox 275 1272 1014 1316">
     <span class='ocr_line' id='line_1_21' title="bbox 275 1272 1014 1316; baseline -0.003 -10"><span class='ocrx_word' id='word_1_108' title='bbox 275 1279 440 1316; x_wconf 77' lang='lat' dir='ltr'>postquam</span> <span class='ocrx_word' id='word_1_109' title='bbox 473 1278 610 1306; x_wconf 88' lang='lat' dir='ltr'>cassatae</span> <span class='ocrx_word' id='word_1_110' title='bbox 642 1276 671 1306; x_wconf 88' lang='lat' dir='ltr'>et</span> <span class='ocrx_word' id='word_1_111' title='bbox 703 1272 855 1304; x_wconf 79' lang='lat' dir='ltr'>extinctae</span> <span class='ocrx_word' id='word_1_112' title='bbox 879 1273 1014 1311; x_wconf 85' lang='lat' dir='ltr'>suerint,</span> 
     </span>
    </p>
   </div>
   <div class='ocr_carea' id='block_1_9' title="bbox 274 1327 1032 1370">
    <p class='ocr_par' dir='ltr' id='par_1_9' title="bbox 274 1327 1032 1370">
     <span class='ocr_line' id='line_1_22' title="bbox 274 1327 1032 1370; baseline -0.001 -11"><span class='ocrx_word' id='word_1_113' title='bbox 274 1327 349 1359; x_wconf 85' lang='lat' dir='ltr'>alias</span> <span class='ocrx_word' id='word_1_114' title='bbox 366 1327 482 1359; x_wconf 86' lang='lat' dir='ltr'>similes</span> <span class='ocrx_word' id='word_1_115' title='bbox 498 1327 664 1370; x_wconf 83' lang='lat' dir='ltr'>pensiones</span> <span class='ocrx_word' id='word_1_116' title='bbox 681 1336 798 1359; x_wconf 87' lang='lat' dir='ltr'>annuas</span> <span class='ocrx_word' id='word_1_117' title='bbox 816 1337 869 1359; x_wconf 90' lang='lat' dir='ltr'>seu</span> <span class='ocrx_word' id='word_1_118' title='bbox 884 1327 1013 1365; x_wconf 76' lang='lat' dir='ltr'>fructus,</span> <span class='ocrx_word' id='word_1_119' title='bbox 1030 1354 1032 1362; x_wconf 50' lang='lat'>,</span> 
     </span>
    </p>
   </div>
   <div class='ocr_carea' id='block_1_10' title="bbox 271 1379 1013 1847">
    <p class='ocr_par' dir='ltr' id='par_1_10' title="bbox 271 1379 1013 1847">
     <span class='ocr_line' id='line_1_23' title="bbox 273 1379 1013 1423; baseline -0.001 -11"><span class='ocrx_word' id='word_1_120' title='bbox 273 1379 413 1412; x_wconf 87' lang='lat' dir='ltr'>redditus</span> <span class='ocrx_word' id='word_1_121' title='bbox 437 1385 467 1412; x_wconf 89' lang='grc'>01</span> <span class='ocrx_word' id='word_1_122' title='bbox 491 1383 662 1423; x_wconf 89' lang='lat' dir='ltr'>proventus</span> <span class='ocrx_word' id='word_1_123' title='bbox 686 1379 865 1412; x_wconf 86' lang='lat' dir='ltr'>huiusmodi</span> <span class='ocrx_word' id='word_1_124' title='bbox 881 1407 888 1419; x_wconf 85' lang='lat'>,</span> <span class='ocrx_word' id='word_1_125' title='bbox 913 1390 1013 1422; x_wconf 88' lang='lat' dir='ltr'>usquc</span> 
     </span>
     <span class='ocr_line' id='line_1_24' title="bbox 272 1433 1012 1477; baseline 0 -11"><span class='ocrx_word' id='word_1_126' title='bbox 272 1433 309 1465; x_wconf 81' lang='lat' dir='ltr'>ad</span> <span class='ocrx_word' id='word_1_127' title='bbox 334 1443 489 1466; x_wconf 88' lang='lat' dir='ltr'>summam</span> <span class='ocrx_word' id='word_1_128' title='bbox 513 1433 716 1477; x_wconf 83' lang='lat' dir='ltr'>praedictam,</span> <span class='ocrx_word' id='word_1_129' title='bbox 732 1433 787 1465; x_wconf 91' lang='lat' dir='ltr'>uni</span> <span class='ocrx_word' id='word_1_130' title='bbox 805 1433 851 1465; x_wconf 84' lang='lat' dir='ltr'>vel</span> <span class='ocrx_word' id='word_1_131' title='bbox 870 1433 1012 1476; x_wconf 86' lang='lat' dir='ltr'>pluribus</span> 
     </span>
     <span class='ocr_line' id='line_1_25' title="bbox 272 1486 1011 1530; baseline 0 -11"><span class='ocrx_word' id='word_1_132' title='bbox 272 1486 339 1519; x_wconf 89' lang='lat' dir='ltr'>aliis</span> <span class='ocrx_word' id='word_1_133' title='bbox 366 1487 510 1530; x_wconf 89' lang='lat' dir='ltr'>personis</span> <span class='ocrx_word' id='word_1_134' title='bbox 539 1486 773 1527; x_wconf 87' lang='lat' dir='ltr'>ecclesiasticis,</span> <span class='ocrx_word' id='word_1_135' title='bbox 809 1487 857 1519; x_wconf 89' lang='lat' dir='ltr'>vel</span> <span class='ocrx_word' id='word_1_136' title='bbox 889 1487 1011 1520; x_wconf 89' lang='lat' dir='ltr'>etiamsi</span> 
     </span>
     <span class='ocr_line' id='line_1_26' title="bbox 272 1539 1009 1583; baseline -0.001 -11"><span class='ocrx_word' id='word_1_137' title='bbox 272 1539 407 1572; x_wconf 88' lang='lat' dir='ltr'>clericali</span> <span class='ocrx_word' id='word_1_138' title='bbox 421 1540 603 1573; x_wconf 82' lang='lat' dir='ltr'>charactere</span> <span class='ocrx_word' id='word_1_139' title='bbox 615 1544 689 1572; x_wconf 89' lang='lat' dir='ltr'>tunc</span> <span class='ocrx_word' id='word_1_140' title='bbox 701 1539 853 1583; x_wconf 88' lang='lat' dir='ltr'>temporis</span> <span class='ocrx_word' id='word_1_141' title='bbox 869 1539 1009 1572; x_wconf 92' lang='lat' dir='ltr'>nondum</span> 
     </span>
     <span class='ocr_line' id='line_1_27' title="bbox 272 1592 1009 1635; baseline 0 -11"><span class='ocrx_word' id='word_1_142' title='bbox 272 1592 410 1635; x_wconf 88' lang='lat' dir='ltr'>insigniti</span> <span class='ocrx_word' id='word_1_143' title='bbox 424 1593 494 1633; x_wconf 88' lang='lat' dir='ltr'>sint,</span> <span class='ocrx_word' id='word_1_144' title='bbox 511 1603 582 1625; x_wconf 90' lang='lat' dir='ltr'>cum</span> <span class='ocrx_word' id='word_1_145' title='bbox 598 1592 738 1625; x_wconf 73' lang='lat' dir='ltr'>clausula</span> <span class='ocrx_word' id='word_1_146' title='bbox 754 1596 858 1624; x_wconf 88' lang='lat' dir='ltr'>tamen</span> <span class='ocrx_word' id='word_1_147' title='bbox 872 1602 909 1624; x_wconf 88' lang='lat' dir='ltr'>ex</span> <span class='ocrx_word' id='word_1_148' title='bbox 926 1597 1009 1632; x_wconf 90' lang='lat' dir='ltr'>tunc,</span> 
     </span>
     <span class='ocr_line' id='line_1_28' title="bbox 271 1646 1011 1690; baseline -0.001 -11"><span class='ocrx_word' id='word_1_149' title='bbox 271 1651 365 1690; x_wconf 87' lang='lat' dir='ltr'>prout</span> <span class='ocrx_word' id='word_1_150' title='bbox 384 1651 548 1690; x_wconf 87' lang='lat' dir='ltr'>postquam</span> <span class='ocrx_word' id='word_1_151' title='bbox 567 1646 650 1680; x_wconf 89' lang='lat' dir='ltr'>dicto</span> <span class='ocrx_word' id='word_1_152' title='bbox 667 1646 848 1679; x_wconf 86' lang='lat' dir='ltr'>charactere</span> <span class='ocrx_word' id='word_1_153' title='bbox 865 1646 924 1679; x_wconf 86' lang='lat' dir='ltr'>rite</span> <span class='ocrx_word' id='word_1_154' title='bbox 940 1646 1011 1678; x_wconf 89' lang='lat' dir='ltr'>insi-</span> 
     </span>
     <span class='ocr_line' id='line_1_29' title="bbox 271 1697 1009 1741; baseline 0.001 -12"><span class='ocrx_word' id='word_1_155' title='bbox 271 1697 348 1740; x_wconf 86' lang='lat' dir='ltr'>gniti</span> <span class='ocrx_word' id='word_1_156' title='bbox 372 1697 496 1738; x_wconf 86' lang='lat' dir='ltr'>fuerint,</span> <span class='ocrx_word' id='word_1_157' title='bbox 520 1708 577 1741; x_wconf 90' lang='lat' dir='ltr'>per</span> <span class='ocrx_word' id='word_1_158' title='bbox 601 1697 727 1730; x_wconf 90' lang='lat' dir='ltr'>eosdem</span> <span class='ocrx_word' id='word_1_159' title='bbox 753 1697 958 1730; x_wconf 82' lang='lat' dir='ltr'>conclavistas</span> <span class='ocrx_word' id='word_1_160' title='bbox 982 1702 1009 1730; x_wconf 83' lang='lat' dir='ltr'>et</span> 
     </span>
     <span class='ocr_line' id='line_1_30' title="bbox 271 1750 1012 1794; baseline 0 -11"><span class='ocrx_word' id='word_1_161' title='bbox 271 1761 381 1783; x_wconf 91' lang='grc'><strong>001010</strong></span> <span class='ocrx_word' id='word_1_162' title='bbox 404 1750 545 1793; x_wconf 83' lang='lat' dir='ltr'>singulos</span> <span class='ocrx_word' id='word_1_163' title='bbox 568 1750 779 1790; x_wconf 89' lang='lat' dir='ltr'>nominandis,</span> <span class='ocrx_word' id='word_1_164' title='bbox 805 1751 898 1783; x_wconf 88' lang='lat' dir='ltr'>etiam</span> <span class='ocrx_word' id='word_1_165' title='bbox 919 1761 1012 1794; x_wconf 89' lang='lat' dir='ltr'>quae-</span> 
     </span>
     <span class='ocr_line' id='line_1_31' title="bbox 271 1803 1012 1847; baseline -0.001 -11"><span class='ocrx_word' id='word_1_166' title='bbox 271 1814 428 1847; x_wconf 87' lang='lat' dir='ltr'>cumque,</span> <span class='ocrx_word' id='word_1_167' title='bbox 459 1808 671 1847; x_wconf 87' lang='lat' dir='ltr'>quotcumque</span> <span class='ocrx_word' id='word_1_168' title='bbox 704 1808 734 1836; x_wconf 91' lang='lat' dir='ltr'>et</span> <span class='ocrx_word' id='word_1_169' title='bbox 769 1803 1012 1847; x_wconf 84' lang='lat' dir='ltr'>qualiacumque</span> 
     </span>
    </p>
   </div>
   <div class='ocr_carea' id='block_1_11' title="bbox 270 1856 1031 1954">
    <p class='ocr_par' dir='ltr' id='par_1_11' title="bbox 270 1856 1031 1954">
     <span class='ocr_line' id='line_1_32' title="bbox 270 1856 1030 1896; baseline 0 -7"><span class='ocrx_word' id='word_1_170' title='bbox 270 1856 422 1890; x_wconf 86' lang='lat' dir='ltr'>beneficia</span> <span class='ocrx_word' id='word_1_171' title='bbox 446 1857 656 1891; x_wconf 85' lang='lat' dir='ltr'>ecclesiastica</span> <span class='ocrx_word' id='word_1_172' title='bbox 681 1857 894 1890; x_wconf 82' lang='lat' dir='ltr'>obtinentibus</span> <span class='ocrx_word' id='word_1_173' title='bbox 910 1862 940 1889; x_wconf 85' lang='lat' dir='ltr'>ct</span> <span class='ocrx_word' id='word_1_174' title='bbox 959 1868 1012 1890; x_wconf 87' lang='lat' dir='ltr'>ex·</span> <span class='ocrx_word' id='word_1_175' title='bbox 1029 1888 1030 1896; x_wconf 61' lang='grc'><strong>,</strong></span> 
     </span>
     <span class='ocr_line' id='line_1_33' title="bbox 271 1910 1031 1954; baseline 0 -12"><span class='ocrx_word' id='word_1_176' title='bbox 271 1910 478 1952; x_wconf 89' lang='lat' dir='ltr'>pectantibus‚</span> <span class='ocrx_word' id='word_1_177' title='bbox 499 1910 574 1943; x_wconf 79' lang='lat' dir='ltr'>alias</span> <span class='ocrx_word' id='word_1_178' title='bbox 598 1915 701 1942; x_wconf 85' lang='lat' dir='ltr'>tamen</span> <span class='ocrx_word' id='word_1_179' title='bbox 726 1910 904 1954; x_wconf 78' lang='lat' dir='ltr'>capacibus,</span> <span class='ocrx_word' id='word_1_180' title='bbox 929 1910 1031 1943; x_wconf 89' lang='lat' dir='ltr'>simi-·</span> 
     </span>
    </p>
   </div>
   <div class='ocr_carea' id='block_1_12' title="bbox 271 1963 1013 2701">
    <p class='ocr_par' dir='ltr' id='par_1_12' title="bbox 271 1963 1013 2701">
     <span class='ocr_line' id='line_1_34' title="bbox 271 1963 1013 2007; baseline 0.001 -12"><span class='ocrx_word' id='word_1_181' title='bbox 271 1963 342 1996; x_wconf 85' lang='lat' dir='ltr'>liter</span> <span class='ocrx_word' id='word_1_182' title='bbox 366 1963 410 1996; x_wconf 89' lang='lat' dir='ltr'>eis</span> <span class='ocrx_word' id='word_1_183' title='bbox 425 1964 527 2007; x_wconf 87' lang='lat' dir='ltr'>quoad</span> <span class='ocrx_word' id='word_1_184' title='bbox 544 1964 685 2006; x_wconf 75' lang='lat' dir='ltr'>vixerint,</span> <span class='ocrx_word' id='word_1_185' title='bbox 700 1964 747 1996; x_wconf 89' lang='lat' dir='ltr'>vel</span> <span class='ocrx_word' id='word_1_186' title='bbox 768 1975 878 1997; x_wconf 86' lang='lat' dir='ltr'>eorum</span> <span class='ocrx_word' id='word_1_187' title='bbox 897 1974 1013 2007; x_wconf 88' lang='lat' dir='ltr'>procu-</span> 
     </span>
     <span class='ocr_line' id='line_1_35' title="bbox 271 2016 1012 2059; baseline 0 -11"><span class='ocrx_word' id='word_1_188' title='bbox 271 2016 429 2049; x_wconf 85' lang='lat' dir='ltr'>ratoribus</span> <span class='ocrx_word' id='word_1_189' title='bbox 445 2016 602 2059; x_wconf 82' lang='lat' dir='ltr'>legitimis,</span> <span class='ocrx_word' id='word_1_190' title='bbox 616 2016 734 2049; x_wconf 89' lang='lat' dir='ltr'>eisdem</span> <span class='ocrx_word' id='word_1_191' title='bbox 749 2017 843 2050; x_wconf 90' lang='lat' dir='ltr'>modo</span> <span class='ocrx_word' id='word_1_192' title='bbox 856 2021 886 2050; x_wconf 91' lang='lat' dir='ltr'>et</span> <span class='ocrx_word' id='word_1_193' title='bbox 902 2017 1012 2056; x_wconf 73' lang='lat' dir='ltr'>forma,</span> 
     </span>
     <span class='ocr_line' id='line_1_36' title="bbox 271 2069 1013 2112; baseline 0.001 -11"><span class='ocrx_word' id='word_1_194' title='bbox 271 2069 384 2112; x_wconf 89' lang='lat' dir='ltr'>quibus</span> <span class='ocrx_word' id='word_1_195' title='bbox 407 2069 526 2102; x_wconf 87' lang='lat' dir='ltr'>eisdem</span> <span class='ocrx_word' id='word_1_196' title='bbox 543 2069 740 2102; x_wconf 89' lang='lat' dir='ltr'>conclavistis</span> <span class='ocrx_word' id='word_1_197' title='bbox 764 2075 941 2102; x_wconf 80' lang='lat' dir='ltr'>reservatae</span> <span class='ocrx_word' id='word_1_198' title='bbox 957 2080 1013 2102; x_wconf 88' lang='lat' dir='ltr'>seu</span> 
     </span>
     <span class='ocr_line' id='line_1_37' title="bbox 271 2122 1012 2167; baseline 0.003 -13"><span class='ocrx_word' id='word_1_199' title='bbox 271 2122 420 2155; x_wconf 82' lang='lat' dir='ltr'>reservati</span> <span class='ocrx_word' id='word_1_200' title='bbox 444 2123 575 2163; x_wconf 87' lang='grc'><strong>10011111,</strong></span> <span class='ocrx_word' id='word_1_201' title='bbox 600 2123 692 2155; x_wconf 89' lang='lat' dir='ltr'>etiam</span> <span class='ocrx_word' id='word_1_202' title='bbox 716 2123 834 2167; x_wconf 85' lang='lat' dir='ltr'>absque</span> <span class='ocrx_word' id='word_1_203' title='bbox 859 2123 1012 2156; x_wconf 81' lang='lat' dir='ltr'>beneficia</span> 
     </span>
     <span class='ocr_line' id='line_1_38' title="bbox 271 2175 1011 2220; baseline 0.001 -12"><span class='ocrx_word' id='word_1_204' title='bbox 271 2175 337 2219; x_wconf 88' lang='lat' dir='ltr'>ipsa</span> <span class='ocrx_word' id='word_1_205' title='bbox 360 2176 570 2209; x_wconf 87' lang='lat' dir='ltr'>obtinentium</span> <span class='ocrx_word' id='word_1_206' title='bbox 594 2187 767 2217; x_wconf 85' lang='lat' dir='ltr'>consensu,</span> <span class='ocrx_word' id='word_1_207' title='bbox 793 2177 914 2219; x_wconf 79' lang='lat' dir='ltr'>integre</span> <span class='ocrx_word' id='word_1_208' title='bbox 939 2188 1011 2220; x_wconf 89' lang='lat' dir='ltr'>per-</span> 
     </span>
     <span class='ocr_line' id='line_1_39' title="bbox 272 2228 1012 2274; baseline 0.001 -13"><span class='ocrx_word' id='word_1_209' title='bbox 272 2228 443 2270; x_wconf 84' lang='lat' dir='ltr'>solvendas,</span> <span class='ocrx_word' id='word_1_210' title='bbox 461 2240 496 2262; x_wconf 88' lang='lat' dir='ltr'>ac</span> <span class='ocrx_word' id='word_1_211' title='bbox 512 2240 569 2273; x_wconf 88' lang='lat' dir='ltr'>per</span> <span class='ocrx_word' id='word_1_212' title='bbox 593 2240 646 2263; x_wconf 90' lang='lat' dir='ltr'>eos</span> <span class='ocrx_word' id='word_1_213' title='bbox 670 2230 801 2274; x_wconf 83' lang='lat' dir='ltr'>propria</span> <span class='ocrx_word' id='word_1_214' title='bbox 826 2230 1012 2263; x_wconf 88' lang='lat' dir='ltr'>auctoritate</span> 
     </span>
     <span class='ocr_line' id='line_1_40' title="bbox 272 2282 1012 2326; baseline 0.004 -13"><span class='ocrx_word' id='word_1_215' title='bbox 272 2282 501 2325; x_wconf 86' lang='lat' dir='ltr'>percipiendas,</span> <span class='ocrx_word' id='word_1_216' title='bbox 512 2283 680 2326; x_wconf 85' lang='lat' dir='ltr'>exigendas</span> <span class='ocrx_word' id='word_1_217' title='bbox 697 2288 726 2316; x_wconf 91' lang='lat' dir='ltr'>et</span> <span class='ocrx_word' id='word_1_218' title='bbox 744 2283 900 2324; x_wconf 82' lang='lat' dir='ltr'>levandas,</span> <span class='ocrx_word' id='word_1_219' title='bbox 915 2294 1012 2316; x_wconf 80' lang='lat' dir='ltr'>reser-</span> 
     </span>
     <span class='ocr_line' id='line_1_41' title="bbox 273 2336 1011 2380; baseline 0.005 -15"><span class='ocrx_word' id='word_1_220' title='bbox 273 2343 355 2375; x_wconf 85' lang='lat' dir='ltr'>vare,</span> <span class='ocrx_word' id='word_1_221' title='bbox 380 2336 579 2378; x_wconf 87' lang='lat' dir='ltr'>constituere,</span> <span class='ocrx_word' id='word_1_222' title='bbox 601 2336 773 2370; x_wconf 90' lang='lat' dir='ltr'>concedere</span> <span class='ocrx_word' id='word_1_223' title='bbox 798 2342 828 2369; x_wconf 88' lang='grc'>01</span> <span class='ocrx_word' id='word_1_224' title='bbox 851 2337 1011 2380; x_wconf 84' lang='lat' dir='ltr'>assignare</span> 
     </span>
     <span class='ocr_line' id='line_1_42' title="bbox 273 2387 1011 2434; baseline 0.007 -16"><span class='ocrx_word' id='word_1_225' title='bbox 273 2387 404 2428; x_wconf 84' lang='lat' dir='ltr'>valeant,</span> <span class='ocrx_word' id='word_1_226' title='bbox 420 2393 511 2432; x_wconf 89' lang='lat' dir='ltr'>atque</span> <span class='ocrx_word' id='word_1_227' title='bbox 534 2390 565 2422; x_wconf 92' lang='lat' dir='ltr'>in</span> <span class='ocrx_word' id='word_1_228' title='bbox 589 2390 675 2434; x_wconf 90' lang='lat' dir='ltr'>quasi</span> <span class='ocrx_word' id='word_1_229' title='bbox 700 2391 896 2433; x_wconf 76' lang='lat' dir='ltr'>possessione</span> <span class='ocrx_word' id='word_1_230' title='bbox 914 2391 1011 2423; x_wconf 86' lang='lat' dir='ltr'>dictas</span> 
     </span>
     <span class='ocr_line' id='line_1_43' title="bbox 272 2440 1012 2487; baseline 0.008 -16"><span class='ocrx_word' id='word_1_231' title='bbox 272 2440 438 2482; x_wconf 90' lang='lat' dir='ltr'>pensiones</span> <span class='ocrx_word' id='word_1_232' title='bbox 463 2442 616 2485; x_wconf 79' lang='lat' dir='ltr'>exigendi,</span> <span class='ocrx_word' id='word_1_233' title='bbox 633 2443 664 2476; x_wconf 90' lang='lat' dir='ltr'>in</span> <span class='ocrx_word' id='word_1_234' title='bbox 687 2454 749 2487; x_wconf 88' lang='lat' dir='ltr'>qua</span> <span class='ocrx_word' id='word_1_235' title='bbox 775 2443 833 2487; x_wconf 88' lang='lat' dir='ltr'>ipsi</span> <span class='ocrx_word' id='word_1_236' title='bbox 859 2444 1012 2477; x_wconf 87' lang='lat' dir='ltr'>conclavi-</span> 
     </span>
     <span class='ocr_line' id='line_1_44' title="bbox 272 2497 1011 2541; baseline 0.007 -16"><span class='ocrx_word' id='word_1_237' title='bbox 272 2498 337 2526; x_wconf 87' lang='lat' dir='ltr'>stae</span> <span class='ocrx_word' id='word_1_238' title='bbox 360 2499 504 2537; x_wconf 88' lang='lat' dir='ltr'>tempore</span> <span class='ocrx_word' id='word_1_239' title='bbox 527 2497 815 2540; x_wconf 52' lang='lat' dir='ltr'>translationisfficr</span> <span class='ocrx_word' id='word_1_240' title='bbox 845 2508 898 2530; x_wconf 90' lang='lat' dir='ltr'>eos</span> <span class='ocrx_word' id='word_1_241' title='bbox 922 2508 1011 2541; x_wconf 85' lang='lat' dir='ltr'>prae-</span> 
     </span>
     <span class='ocr_line' id='line_1_45' title="bbox 271 2546 1011 2591; baseline 0.001 -9"><span class='ocrx_word' id='word_1_242' title='bbox 271 2546 408 2582; x_wconf 83' lang='lat' dir='ltr'>sentium</span> <span class='ocrx_word' id='word_1_243' title='bbox 436 2547 544 2591; x_wconf 82' lang='lat' dir='ltr'>vigore</span> <span class='ocrx_word' id='word_1_244' title='bbox 571 2548 728 2584; x_wconf 81' lang='lat' dir='ltr'>faciendae</span> <span class='ocrx_word' id='word_1_245' title='bbox 759 2551 948 2591; x_wconf 82' lang='lat' dir='ltr'>existebant,</span> <span class='ocrx_word' id='word_1_246' title='bbox 980 2551 1011 2583; x_wconf 92' lang='lat' dir='ltr'>in</span> 
     </span>
     <span class='ocr_line' id='line_1_46' title="bbox 272 2601 1012 2653; baseline -0.001 -15"><span class='ocrx_word' id='word_1_247' title='bbox 272 2601 418 2640; x_wconf 84' lang='lat' dir='ltr'>omnibus</span> <span class='ocrx_word' id='word_1_248' title='bbox 435 2607 465 2641; x_wconf 87' lang='grc'>01</span> <span class='ocrx_word' id='word_1_249' title='bbox 484 2613 542 2653; x_wconf 80' lang='lat' dir='ltr'>per</span> <span class='ocrx_word' id='word_1_250' title='bbox 558 2603 663 2643; x_wconf 81' lang='lat' dir='ltr'>omnia</span> <span class='ocrx_word' id='word_1_251' title='bbox 681 2605 843 2649; x_wconf 85' lang='lat' dir='ltr'>subrogati</span> <span class='ocrx_word' id='word_1_252' title='bbox 860 2616 926 2638; x_wconf 87' lang='lat' dir='ltr'>esse</span> <span class='ocrx_word' id='word_1_253' title='bbox 944 2615 1012 2638; x_wconf 89' lang='lat' dir='ltr'>cen-</span> 
     </span>
     <span class='ocr_line' id='line_1_47' title="bbox 271 2658 1010 2701; baseline -0.003 -8"><span class='ocrx_word' id='word_1_254' title='bbox 271 2666 407 2701; x_wconf 87' lang='lat' dir='ltr'>seantur,</span> <span class='ocrx_word' id='word_1_255' title='bbox 422 2662 513 2695; x_wconf 87' lang='lat' dir='ltr'>etiam</span> <span class='ocrx_word' id='word_1_256' title='bbox 532 2661 732 2696; x_wconf 82' lang='lat' dir='ltr'>concedimus</span> <span class='ocrx_word' id='word_1_257' title='bbox 752 2664 783 2692; x_wconf 88' lang='lat' dir='ltr'>et</span> <span class='ocrx_word' id='word_1_258' title='bbox 802 2658 1010 2701; x_wconf 70' lang='lat' dir='ltr'>indulgemus,</span> 
     </span>
    </p>
   </div>
   <div class='ocr_carea' id='block_1_13' title="bbox 1030 321 1039 2702">
    <p class='ocr_par' dir='ltr' id='par_1_13' title="bbox 1030 321 1039 2702">
     <span class='ocr_line' id='line_1_48' title="bbox 1030 321 1039 2702; baseline 0 0"><span class='ocrx_word' id='word_1_259' title='bbox 1030 321 1039 2702; x_wconf 95' lang='lat' dir='ltr'> </span> 
     </span>
    </p>
   </div>
   <div class='ocr_carea' id='block_1_14' title="bbox 1046 256 1766 289">
    <p class='ocr_par' dir='ltr' id='par_1_14' title="bbox 1046 256 1766 289">
     <span class='ocr_line' id='line_1_49' title="bbox 1046 256 1766 289; baseline 0.001 -1"><span class='ocrx_word' id='word_1_260' title='bbox 1046 265 1102 288; x_wconf 75' lang='lat' dir='ltr'>vni</span> <span class='ocrx_word' id='word_1_261' title='bbox 1127 265 1174 289; x_wconf 84' lang='lat' dir='ltr'>rr.</span> <span class='ocrx_word' id='word_1_262' title='bbox 1746 256 1766 289; x_wconf 82' lang='lat'>5</span> 
     </span>
    </p>
   </div>
   <div class='ocr_carea' id='block_1_15' title="bbox 1051 312 1795 718">
    <p class='ocr_par' dir='ltr' id='par_1_15' title="bbox 1051 312 1795 718">
     <span class='ocr_line' id='line_1_50' title="bbox 1095 312 1794 356; baseline 0 -11"><span class='ocrx_word' id='word_1_263' title='bbox 1095 314 1175 355; x_wconf 54' lang='grc' dir='ltr'>ξω.</span> <span class='ocrx_word' id='word_1_264' title='bbox 1191 312 1319 345; x_wconf 75' lang='lat' dir='ltr'>Etiamsi</span> <span class='ocrx_word' id='word_1_265' title='bbox 1333 312 1468 345; x_wconf 88' lang='lat' dir='ltr'>similem</span> <span class='ocrx_word' id='word_1_266' title='bbox 1487 313 1619 355; x_wconf 82' lang='lat' dir='ltr'>gratiam</span> <span class='ocrx_word' id='word_1_267' title='bbox 1635 322 1652 344; x_wconf 89' lang='lat' dir='ltr'>a</span> <span class='ocrx_word' id='word_1_268' title='bbox 1667 312 1794 356; x_wconf 86' lang='lat' dir='ltr'>praede-</span> 
     </span>
     <span class='ocr_line' id='line_1_51' title="bbox 1051 365 1793 405; baseline -0.001 -7"><span class='ocrx_word' id='word_1_269' title='bbox 1051 366 1229 398; x_wconf 86' lang='lat' dir='ltr'>cessoribus</span> <span class='ocrx_word' id='word_1_270' title='bbox 1242 366 1358 400; x_wconf 84' lang='lat' dir='ltr'>nostris</span> <span class='ocrx_word' id='word_1_271' title='bbox 1374 366 1450 398; x_wconf 77' lang='lat' dir='ltr'>alias</span> <span class='ocrx_word' id='word_1_272' title='bbox 1467 366 1571 398; x_wconf 78' lang='lat' dir='ltr'>forsan</span> <span class='ocrx_word' id='word_1_273' title='bbox 1589 365 1793 405; x_wconf 88' lang='lat' dir='ltr'>obtinuerint,</span> 
     </span>
     <span class='ocr_line' id='line_1_52' title="bbox 1052 419 1795 462; baseline 0.001 -12"><span class='ocrx_word' id='word_1_274' title='bbox 1052 429 1105 451; x_wconf 87' lang='grc'>500</span> <span class='ocrx_word' id='word_1_275' title='bbox 1129 419 1260 462; x_wconf 87' lang='lat' dir='ltr'>quilibet</span> <span class='ocrx_word' id='word_1_276' title='bbox 1284 430 1394 452; x_wconf 91' lang='lat' dir='ltr'>eorum</span> <span class='ocrx_word' id='word_1_277' title='bbox 1419 419 1600 459; x_wconf 89' lang='lat' dir='ltr'>obtinuerit,</span> <span class='ocrx_word' id='word_1_278' title='bbox 1621 424 1683 451; x_wconf 91' lang='lat' dir='ltr'>tam</span> <span class='ocrx_word' id='word_1_279' title='bbox 1709 419 1795 461; x_wconf 81' lang='lat' dir='ltr'>vigo-</span> 
     </span>
     <span class='ocr_line' id='line_1_53' title="bbox 1052 471 1793 515; baseline 0 -11"><span class='ocrx_word' id='word_1_280' title='bbox 1052 481 1086 504; x_wconf 90' lang='lat' dir='ltr'>re</span> <span class='ocrx_word' id='word_1_281' title='bbox 1102 471 1236 504; x_wconf 89' lang='lat' dir='ltr'>aliorum</span> <span class='ocrx_word' id='word_1_282' title='bbox 1254 472 1492 515; x_wconf 89' lang='lat' dir='ltr'>privilegiorum</span> <span class='ocrx_word' id='word_1_283' title='bbox 1511 472 1771 506; x_wconf 84' lang='lat' dir='ltr'>conclavistarum</span> <span class='ocrx_word' id='word_1_284' title='bbox 1787 499 1793 512; x_wconf 88' lang='lat'>,</span> 
     </span>
     <span class='ocr_line' id='line_1_54' title="bbox 1051 525 1795 569; baseline 0 -12"><span class='ocrx_word' id='word_1_285' title='bbox 1051 535 1144 567; x_wconf 85' lang='lat' dir='ltr'>quam</span> <span class='ocrx_word' id='word_1_286' title='bbox 1171 535 1207 557; x_wconf 86' lang='lat' dir='ltr'>ex</span> <span class='ocrx_word' id='word_1_287' title='bbox 1232 535 1432 568; x_wconf 82' lang='lat' dir='ltr'>quocumque</span> <span class='ocrx_word' id='word_1_288' title='bbox 1457 525 1518 558; x_wconf 91' lang='lat' dir='ltr'>alio</span> <span class='ocrx_word' id='word_1_289' title='bbox 1543 525 1663 558; x_wconf 91' lang='lat' dir='ltr'>indulto</span> <span class='ocrx_word' id='word_1_290' title='bbox 1683 530 1714 558; x_wconf 91' lang='lat' dir='ltr'>et</span> <span class='ocrx_word' id='word_1_291' title='bbox 1734 525 1795 569; x_wconf 90' lang='lat' dir='ltr'>pri-</span> 
     </span>
     <span class='ocr_line' id='line_1_55' title="bbox 1052 577 1794 622; baseline 0.003 -13"><span class='ocrx_word' id='word_1_292' title='bbox 1052 577 1177 620; x_wconf 85' lang='lat' dir='ltr'>vilegio,</span> <span class='ocrx_word' id='word_1_293' title='bbox 1195 589 1331 621; x_wconf 91' lang='lat' dir='ltr'>quorum</span> <span class='ocrx_word' id='word_1_294' title='bbox 1349 578 1494 611; x_wconf 82' lang='lat' dir='ltr'>effectum</span> <span class='ocrx_word' id='word_1_295' title='bbox 1512 589 1568 622; x_wconf 89' lang='lat' dir='ltr'>per</span> <span class='ocrx_word' id='word_1_296' title='bbox 1588 579 1668 611; x_wconf 84' lang='lat' dir='ltr'>lianc</span> <span class='ocrx_word' id='word_1_297' title='bbox 1681 588 1794 611; x_wconf 87' lang='lat' dir='ltr'>novam</span> 
     </span>
     <span class='ocr_line' id='line_1_56' title="bbox 1052 631 1794 675; baseline 0.001 -12"><span class='ocrx_word' id='word_1_298' title='bbox 1052 631 1184 673; x_wconf 86' lang='lat' dir='ltr'>gratiam</span> <span class='ocrx_word' id='word_1_299' title='bbox 1195 636 1225 664; x_wconf 88' lang='grc'>01</span> <span class='ocrx_word' id='word_1_300' title='bbox 1235 631 1469 664; x_wconf 85' lang='lat' dir='ltr'>concessionem</span> <span class='ocrx_word' id='word_1_301' title='bbox 1480 631 1626 675; x_wconf 85' lang='lat' dir='ltr'>impediri</span> <span class='ocrx_word' id='word_1_302' title='bbox 1636 632 1794 673; x_wconf 89' lang='lat' dir='ltr'>nolumus,</span> 
     </span>
     <span class='ocr_line' id='line_1_57' title="bbox 1052 684 1795 718; baseline 0.001 -2"><span class='ocrx_word' id='word_1_303' title='bbox 1052 684 1105 716; x_wconf 89' lang='lat' dir='ltr'>sed</span> <span class='ocrx_word' id='word_1_304' title='bbox 1130 685 1316 717; x_wconf 86' lang='lat' dir='ltr'>cumulative</span> <span class='ocrx_word' id='word_1_305' title='bbox 1342 695 1522 718; x_wconf 82' lang='lat' dir='ltr'>concessam</span> <span class='ocrx_word' id='word_1_306' title='bbox 1554 685 1602 717; x_wconf 89' lang='lat' dir='ltr'>vel</span> <span class='ocrx_word' id='word_1_307' title='bbox 1631 695 1795 718; x_wconf 88' lang='lat' dir='ltr'>concessas</span> 
     </span>
    </p>
   </div>
   <div class='ocr_carea' id='block_1_16' title="bbox 1035 738 1795 782">
    <p class='ocr_par' dir='ltr' id='par_1_16' title="bbox 1035 738 1795 782">
     <span class='ocr_line' id='line_1_58' title="bbox 1035 738 1795 782; baseline 0.001 -13"><span class='ocrx_word' id='word_1_308' title='bbox 1035 752 1037 756; x_wconf 59' lang='lat'>&gt;</span> <span class='ocrx_word' id='word_1_309' title='bbox 1052 747 1120 770; x_wconf 88' lang='lat' dir='ltr'>esse</span> <span class='ocrx_word' id='word_1_310' title='bbox 1136 738 1283 771; x_wconf 90' lang='lat' dir='ltr'>volumus</span> <span class='ocrx_word' id='word_1_311' title='bbox 1293 749 1300 777; x_wconf 90' lang='grc'>;</span> <span class='ocrx_word' id='word_1_312' title='bbox 1318 738 1359 770; x_wconf 87' lang='lat' dir='ltr'>ita</span> <span class='ocrx_word' id='word_1_313' title='bbox 1371 742 1405 772; x_wconf 91' lang='lat' dir='ltr'>ut</span> <span class='ocrx_word' id='word_1_314' title='bbox 1418 738 1549 782; x_wconf 88' lang='lat' dir='ltr'>quilibet</span> <span class='ocrx_word' id='word_1_315' title='bbox 1562 748 1672 771; x_wconf 90' lang='lat' dir='ltr'>eorum</span> <span class='ocrx_word' id='word_1_316' title='bbox 1689 748 1795 770; x_wconf 90' lang='lat' dir='ltr'>cumu-</span> 
     </span>
    </p>
   </div>
   <div class='ocr_carea' id='block_1_17' title="bbox 1044 790 1795 2703">
    <p class='ocr_par' dir='ltr' id='par_1_17' title="bbox 1048 790 1795 1473">
     <span class='ocr_line' id='line_1_59' title="bbox 1051 790 1795 835; baseline 0.001 -13"><span class='ocrx_word' id='word_1_317' title='bbox 1051 790 1144 823; x_wconf 88' lang='lat' dir='ltr'>lativc</span> <span class='ocrx_word' id='word_1_318' title='bbox 1161 795 1188 825; x_wconf 89' lang='lat' dir='ltr'>et</span> <span class='ocrx_word' id='word_1_319' title='bbox 1206 791 1387 834; x_wconf 88' lang='lat' dir='ltr'>ampliativc</span> <span class='ocrx_word' id='word_1_320' title='bbox 1411 791 1580 835; x_wconf 89' lang='lat' dir='ltr'>praedictis</span> <span class='ocrx_word' id='word_1_321' title='bbox 1597 791 1795 824; x_wconf 88' lang='lat' dir='ltr'>facultatibus</span> 
     </span>
     <span class='ocr_line' id='line_1_60' title="bbox 1051 844 1795 889; baseline 0 -12"><span class='ocrx_word' id='word_1_322' title='bbox 1051 844 1278 887; x_wconf 85' lang='lat' dir='ltr'>praesentibus⁷</span> <span class='ocrx_word' id='word_1_323' title='bbox 1296 855 1332 877; x_wconf 85' lang='lat' dir='ltr'>ac</span> <span class='ocrx_word' id='word_1_324' title='bbox 1349 845 1526 888; x_wconf 88' lang='lat' dir='ltr'>praeteritis</span> <span class='ocrx_word' id='word_1_325' title='bbox 1546 845 1720 889; x_wconf 81' lang='lat' dir='ltr'>privilegiis</span> <span class='ocrx_word' id='word_1_326' title='bbox 1736 845 1795 877; x_wconf 89' lang='lat' dir='ltr'>bac</span> 
     </span>
     <span class='ocr_line' id='line_1_61' title="bbox 1052 898 1793 942; baseline 0.003 -13"><span class='ocrx_word' id='word_1_327' title='bbox 1052 898 1083 930; x_wconf 94' lang='lat' dir='ltr'>in</span> <span class='ocrx_word' id='word_1_328' title='bbox 1107 909 1141 930; x_wconf 88' lang='lat' dir='ltr'>re</span> <span class='ocrx_word' id='word_1_329' title='bbox 1166 899 1332 939; x_wconf 86' lang='lat' dir='ltr'>concessis,</span> <span class='ocrx_word' id='word_1_330' title='bbox 1350 899 1405 940; x_wconf 89' lang='lat' dir='ltr'>uti,</span> <span class='ocrx_word' id='word_1_331' title='bbox 1430 899 1491 931; x_wconf 88' lang='lat' dir='ltr'>srui</span> <span class='ocrx_word' id='word_1_332' title='bbox 1514 903 1543 931; x_wconf 89' lang='lat' dir='ltr'>et</span> <span class='ocrx_word' id='word_1_333' title='bbox 1567 899 1661 942; x_wconf 87' lang='lat' dir='ltr'>potiri</span> <span class='ocrx_word' id='word_1_334' title='bbox 1685 898 1793 942; x_wconf 86' lang='lat' dir='ltr'>possit;</span> 
     </span>
     <span class='ocr_line' id='line_1_62' title="bbox 1051 951 1794 995; baseline 0.001 -12"><span class='ocrx_word' id='word_1_335' title='bbox 1051 951 1256 983; x_wconf 89' lang='lat' dir='ltr'>decernentes</span> <span class='ocrx_word' id='word_1_336' title='bbox 1288 952 1370 995; x_wconf 84' lang='lat' dir='ltr'>ipsas</span> <span class='ocrx_word' id='word_1_337' title='bbox 1401 951 1621 985; x_wconf 81' lang='lat' dir='ltr'>translationes</span> <span class='ocrx_word' id='word_1_338' title='bbox 1645 956 1675 984; x_wconf 90' lang='lat' dir='ltr'>et</span> <span class='ocrx_word' id='word_1_339' title='bbox 1698 961 1794 984; x_wconf 85' lang='lat' dir='ltr'>novas</span> 
     </span>
     <span class='ocr_line' id='line_1_63' title="bbox 1052 1004 1795 1047; baseline 0.003 -12"><span class='ocrx_word' id='word_1_340' title='bbox 1052 1004 1290 1044; x_wconf 85' lang='lat' dir='ltr'>reservationcs,</span> <span class='ocrx_word' id='word_1_341' title='bbox 1309 1004 1545 1038; x_wconf 86' lang='lat' dir='ltr'>constitutiones</span> <span class='ocrx_word' id='word_1_342' title='bbox 1561 1008 1591 1037; x_wconf 92' lang='lat' dir='ltr'>ct</span> <span class='ocrx_word' id='word_1_343' title='bbox 1614 1004 1795 1047; x_wconf 84' lang='lat' dir='ltr'>assignatio-</span> 
     </span>
     <span class='ocr_line' id='line_1_64' title="bbox 1051 1057 1792 1100; baseline 0.003 -12"><span class='ocrx_word' id='word_1_344' title='bbox 1051 1067 1106 1089; x_wconf 88' lang='lat' dir='ltr'>nes</span> <span class='ocrx_word' id='word_1_345' title='bbox 1130 1058 1316 1100; x_wconf 86' lang='lat' dir='ltr'>pensionum</span> <span class='ocrx_word' id='word_1_346' title='bbox 1338 1068 1392 1091; x_wconf 88' lang='lat' dir='ltr'>seu</span> <span class='ocrx_word' id='word_1_347' title='bbox 1416 1057 1587 1098; x_wconf 87' lang='lat' dir='ltr'>fructuum,</span> <span class='ocrx_word' id='word_1_348' title='bbox 1613 1057 1792 1090; x_wconf 83' lang='lat' dir='ltr'>reddituum</span> 
     </span>
     <span class='ocr_line' id='line_1_65' title="bbox 1051 1111 1793 1155; baseline 0.001 -12"><span class='ocrx_word' id='word_1_349' title='bbox 1051 1115 1081 1142; x_wconf 89' lang='lat' dir='ltr'>et</span> <span class='ocrx_word' id='word_1_350' title='bbox 1104 1115 1315 1154; x_wconf 84' lang='lat' dir='ltr'>proventuum</span> <span class='ocrx_word' id='word_1_351' title='bbox 1340 1111 1531 1152; x_wconf 72' lang='lat' dir='ltr'>huiusmodi,</span> <span class='ocrx_word' id='word_1_352' title='bbox 1557 1116 1591 1143; x_wconf 91' lang='lat' dir='ltr'>ut</span> <span class='ocrx_word' id='word_1_353' title='bbox 1615 1112 1793 1155; x_wconf 85' lang='lat' dir='ltr'>praefertur</span> 
     </span>
     <span class='ocr_line' id='line_1_66' title="bbox 1051 1164 1791 1208; baseline 0.003 -13"><span class='ocrx_word' id='word_1_354' title='bbox 1051 1164 1218 1205; x_wconf 85' lang='lat' dir='ltr'>faciendas,</span> <span class='ocrx_word' id='word_1_355' title='bbox 1232 1175 1268 1197; x_wconf 89' lang='lat' dir='ltr'>ex</span> <span class='ocrx_word' id='word_1_356' title='bbox 1287 1175 1379 1205; x_wconf 80' lang='grc'><strong>011110,</strong></span> <span class='ocrx_word' id='word_1_357' title='bbox 1397 1169 1492 1208; x_wconf 85' lang='lat' dir='ltr'>prout</span> <span class='ocrx_word' id='word_1_358' title='bbox 1508 1170 1674 1208; x_wconf 86' lang='lat' dir='ltr'>postquam</span> <span class='ocrx_word' id='word_1_359' title='bbox 1693 1165 1791 1197; x_wconf 82' lang='lat' dir='ltr'>sactae</span> 
     </span>
     <span class='ocr_line' id='line_1_67' title="bbox 1050 1217 1792 1260; baseline 0.001 -11"><span class='ocrx_word' id='word_1_360' title='bbox 1050 1217 1181 1257; x_wconf 86' lang='lat' dir='ltr'>suerint,</span> <span class='ocrx_word' id='word_1_361' title='bbox 1205 1218 1330 1260; x_wconf 87' lang='lat' dir='ltr'>plenam</span> <span class='ocrx_word' id='word_1_362' title='bbox 1356 1218 1482 1250; x_wconf 89' lang='lat' dir='ltr'>roboris</span> <span class='ocrx_word' id='word_1_363' title='bbox 1507 1218 1688 1250; x_wconf 79' lang='lat' dir='ltr'>firmitatem</span> <span class='ocrx_word' id='word_1_364' title='bbox 1714 1219 1792 1251; x_wconf 83' lang='lat' dir='ltr'>obti-</span> 
     </span>
     <span class='ocr_line' id='line_1_68' title="bbox 1049 1270 1789 1314; baseline 0 -12"><span class='ocrx_word' id='word_1_365' title='bbox 1049 1280 1141 1309; x_wconf 90' lang='lat' dir='ltr'>nere,</span> <span class='ocrx_word' id='word_1_366' title='bbox 1166 1270 1313 1313; x_wconf 88' lang='lat' dir='ltr'>ipsosque</span> <span class='ocrx_word' id='word_1_367' title='bbox 1338 1271 1509 1310; x_wconf 84' lang='lat' dir='ltr'>beneficia,</span> <span class='ocrx_word' id='word_1_368' title='bbox 1535 1282 1629 1314; x_wconf 82' lang='lat' dir='ltr'>super</span> <span class='ocrx_word' id='word_1_369' title='bbox 1654 1283 1789 1314; x_wconf 83' lang='lat' dir='ltr'>quorum</span> 
     </span>
     <span class='ocr_line' id='line_1_69' title="bbox 1048 1323 1792 1367; baseline 0.004 -13"><span class='ocrx_word' id='word_1_370' title='bbox 1048 1323 1214 1363; x_wconf 80' lang='lat' dir='ltr'>l&#39;ructilms,</span> <span class='ocrx_word' id='word_1_371' title='bbox 1231 1324 1405 1357; x_wconf 82' lang='lat' dir='ltr'>redditibus</span> <span class='ocrx_word' id='word_1_372' title='bbox 1423 1328 1452 1357; x_wconf 88' lang='lat' dir='ltr'>et</span> <span class='ocrx_word' id='word_1_373' title='bbox 1469 1324 1674 1367; x_wconf 74' lang='lat' dir='ltr'>proventibus</span> <span class='ocrx_word' id='word_1_374' title='bbox 1691 1336 1792 1357; x_wconf 86' lang='lat' dir='ltr'>reser-</span> 
     </span>
     <span class='ocr_line' id='line_1_70' title="bbox 1048 1377 1791 1421; baseline 0.003 -13"><span class='ocrx_word' id='word_1_375' title='bbox 1048 1382 1135 1409; x_wconf 85' lang='lat' dir='ltr'>vatae</span> <span class='ocrx_word' id='word_1_376' title='bbox 1159 1377 1285 1417; x_wconf 85' lang='lat' dir='ltr'>suerint,</span> <span class='ocrx_word' id='word_1_377' title='bbox 1306 1377 1494 1416; x_wconf 84' lang='lat' dir='ltr'>obtinentes,</span> <span class='ocrx_word' id='word_1_378' title='bbox 1518 1377 1557 1409; x_wconf 94' lang='lat' dir='ltr'>ad</span> <span class='ocrx_word' id='word_1_379' title='bbox 1578 1377 1646 1410; x_wconf 88' lang='lat' dir='ltr'>illas</span> <span class='ocrx_word' id='word_1_380' title='bbox 1670 1379 1791 1421; x_wconf 87' lang='lat' dir='ltr'>persol-</span> 
     </span>
     <span class='ocr_line' id='line_1_71' title="bbox 1048 1429 1614 1473; baseline 0.004 -12"><span class='ocrx_word' id='word_1_381' title='bbox 1048 1429 1162 1461; x_wconf 85' lang='lat' dir='ltr'>vendas</span> <span class='ocrx_word' id='word_1_382' title='bbox 1179 1430 1348 1463; x_wconf 82' lang='lat' dir='ltr'>efficaciter</span> <span class='ocrx_word' id='word_1_383' title='bbox 1365 1430 1522 1473; x_wconf 87' lang='lat' dir='ltr'>obligatos</span> <span class='ocrx_word' id='word_1_384' title='bbox 1538 1431 1614 1463; x_wconf 89' lang='grc'><strong>1010.</strong></span> 
     </span>
    </p>

    <p class='ocr_par' dir='ltr' id='par_1_18' title="bbox 1044 1483 1791 2703">
     <span class='ocr_line' id='line_1_72' title="bbox 1090 1483 1788 1528; baseline 0.003 -13"><span class='ocrx_word' id='word_1_385' title='bbox 1090 1483 1168 1526; x_wconf 49' lang='lat' dir='ltr'>§tlt</span> <span class='ocrx_word' id='word_1_386' title='bbox 1186 1484 1230 1516; x_wconf 90' lang='lat' dir='ltr'>Ac</span> <span class='ocrx_word' id='word_1_387' title='bbox 1243 1494 1314 1516; x_wconf 88' lang='lat' dir='ltr'>cum</span> <span class='ocrx_word' id='word_1_388' title='bbox 1333 1483 1450 1516; x_wconf 90' lang='lat' dir='ltr'>eisdem</span> <span class='ocrx_word' id='word_1_389' title='bbox 1467 1484 1674 1525; x_wconf 76' lang='lat' dir='ltr'>conclavistiS,</span> <span class='ocrx_word' id='word_1_390' title='bbox 1692 1484 1788 1528; x_wconf 91' lang='lat' dir='ltr'>quod,</span> 
     </span>
     <span class='ocr_line' id='line_1_73' title="bbox 1044 1537 1788 1581; baseline 0.003 -12"><span class='ocrx_word' id='word_1_391' title='bbox 1044 1537 1166 1570; x_wconf 82' lang='lat' dir='ltr'>ratione</span> <span class='ocrx_word' id='word_1_392' title='bbox 1180 1548 1453 1581; x_wconf 88' lang='lat' dir='ltr'>quarumcumque</span> <span class='ocrx_word' id='word_1_393' title='bbox 1470 1538 1658 1581; x_wconf 89' lang='lat' dir='ltr'>pensionum</span> <span class='ocrx_word' id='word_1_394' title='bbox 1673 1549 1788 1571; x_wconf 86' lang='lat' dir='ltr'>annua-</span> 
     </span>
     <span class='ocr_line' id='line_1_74' title="bbox 1044 1590 1791 1635; baseline 0.001 -13"><span class='ocrx_word' id='word_1_395' title='bbox 1044 1601 1114 1622; x_wconf 86' lang='lat' dir='ltr'>rum</span> <span class='ocrx_word' id='word_1_396' title='bbox 1132 1590 1176 1623; x_wconf 87' lang='lat' dir='ltr'>eis</span> <span class='ocrx_word' id='word_1_397' title='bbox 1197 1595 1227 1624; x_wconf 88' lang='lat' dir='ltr'>et</span> <span class='ocrx_word' id='word_1_398' title='bbox 1251 1601 1363 1623; x_wconf 87' lang='lat' dir='ltr'>eorum</span> <span class='ocrx_word' id='word_1_399' title='bbox 1388 1591 1526 1632; x_wconf 87' lang='lat' dir='ltr'>cuilibet,</span> <span class='ocrx_word' id='word_1_400' title='bbox 1544 1602 1642 1635; x_wconf 88' lang='lat' dir='ltr'>super</span> <span class='ocrx_word' id='word_1_401' title='bbox 1663 1592 1791 1635; x_wconf 84' lang='lat' dir='ltr'>quibus-</span> 
     </span>
     <span class='ocr_line' id='line_1_75' title="bbox 1045 1644 1789 1687; baseline 0.003 -11"><span class='ocrx_word' id='word_1_402' title='bbox 1045 1654 1180 1687; x_wconf 87' lang='lat' dir='ltr'>cumque</span> <span class='ocrx_word' id='word_1_403' title='bbox 1214 1644 1376 1677; x_wconf 87' lang='lat' dir='ltr'>beneficiis</span> <span class='ocrx_word' id='word_1_404' title='bbox 1410 1644 1630 1678; x_wconf 86' lang='lat' dir='ltr'>ecclesiasticis</span> <span class='ocrx_word' id='word_1_405' title='bbox 1649 1672 1656 1685; x_wconf 95' lang='lat'>,</span> <span class='ocrx_word' id='word_1_406' title='bbox 1695 1645 1789 1678; x_wconf 88' lang='lat' dir='ltr'>etiam</span> 
     </span>
     <span class='ocr_line' id='line_1_76' title="bbox 1045 1697 1791 1738; baseline 0.001 -9"><span class='ocrx_word' id='word_1_407' title='bbox 1045 1697 1288 1737; x_wconf 86' lang='lat' dir='ltr'>cathedralibus,</span> <span class='ocrx_word' id='word_1_408' title='bbox 1307 1703 1337 1730; x_wconf 87' lang='lat' dir='ltr'>et</span> <span class='ocrx_word' id='word_1_409' title='bbox 1357 1697 1426 1730; x_wconf 87' lang='lat' dir='ltr'>aliis</span> <span class='ocrx_word' id='word_1_410' title='bbox 1443 1697 1596 1738; x_wconf 89' lang='lat' dir='ltr'>ecclesiis,</span> <span class='ocrx_word' id='word_1_411' title='bbox 1614 1708 1668 1731; x_wconf 91' lang='lat' dir='ltr'>seu</span> <span class='ocrx_word' id='word_1_412' title='bbox 1685 1709 1791 1731; x_wconf 89' lang='lat' dir='ltr'>mona-</span> 
     </span>
     <span class='ocr_line' id='line_1_77' title="bbox 1046 1750 1790 1794; baseline 0.003 -12"><span class='ocrx_word' id='word_1_413' title='bbox 1046 1750 1159 1790; x_wconf 89' lang='lat' dir='ltr'>steriis,</span> <span class='ocrx_word' id='word_1_414' title='bbox 1177 1751 1270 1783; x_wconf 90' lang='lat' dir='ltr'>etiam</span> <span class='ocrx_word' id='word_1_415' title='bbox 1283 1761 1300 1783; x_wconf 89' lang='lat' dir='ltr'>a</span> <span class='ocrx_word' id='word_1_416' title='bbox 1313 1751 1481 1794; x_wconf 90' lang='lat' dir='ltr'>praedictis</span> <span class='ocrx_word' id='word_1_417' title='bbox 1493 1755 1617 1786; x_wconf 85' lang='lat' dir='ltr'>sanctae</span> <span class='ocrx_word' id='word_1_418' title='bbox 1631 1752 1790 1785; x_wconf 83' lang='lat' dir='ltr'>Romanae</span> 
     </span>
     <span class='ocr_line' id='line_1_78' title="bbox 1048 1804 1789 1846; baseline 0.003 -10"><span class='ocrx_word' id='word_1_419' title='bbox 1048 1804 1203 1837; x_wconf 80' lang='lat' dir='ltr'>Ecclesiae</span> <span class='ocrx_word' id='word_1_420' title='bbox 1218 1804 1429 1837; x_wconf 88' lang='lat' dir='ltr'>cardinalibus</span> <span class='ocrx_word' id='word_1_421' title='bbox 1446 1805 1634 1846; x_wconf 86' lang='lat' dir='ltr'>obtinendis,</span> <span class='ocrx_word' id='word_1_422' title='bbox 1648 1806 1694 1838; x_wconf 86' lang='lat' dir='ltr'>vel</span> <span class='ocrx_word' id='word_1_423' title='bbox 1713 1807 1789 1838; x_wconf 76' lang='lat' dir='ltr'>alias</span> 
     </span>
     <span class='ocr_line' id='line_1_79' title="bbox 1047 1857 1789 1901; baseline 0.003 -13"><span class='ocrx_word' id='word_1_424' title='bbox 1047 1857 1286 1899; x_wconf 88' lang='lat' dir='ltr'>quomodolibet</span> <span class='ocrx_word' id='word_1_425' title='bbox 1301 1857 1498 1901; x_wconf 84' lang='lat' dir='ltr'>qualificatis,</span> <span class='ocrx_word' id='word_1_426' title='bbox 1512 1868 1573 1891; x_wconf 92' lang='lat' dir='ltr'>non</span> <span class='ocrx_word' id='word_1_427' title='bbox 1591 1863 1694 1891; x_wconf 88' lang='lat' dir='ltr'>tamen</span> <span class='ocrx_word' id='word_1_428' title='bbox 1708 1859 1789 1892; x_wconf 84' lang='lat' dir='ltr'>ultra</span> 
     </span>
     <span class='ocr_line' id='line_1_80' title="bbox 1047 1911 1786 1955; baseline 0.001 -13"><span class='ocrx_word' id='word_1_429' title='bbox 1047 1921 1203 1943; x_wconf 88' lang='lat' dir='ltr'>summam</span> <span class='ocrx_word' id='word_1_430' title='bbox 1228 1911 1415 1944; x_wconf 86' lang='lat' dir='ltr'>ducatorum</span> <span class='ocrx_word' id='word_1_431' title='bbox 1435 1911 1643 1944; x_wconf 84' lang='lat' dir='ltr'>ducentorum</span> <span class='ocrx_word' id='word_1_432' title='bbox 1664 1911 1786 1955; x_wconf 87' lang='lat' dir='ltr'>parium</span> 
     </span>
     <span class='ocr_line' id='line_1_81' title="bbox 1046 1965 1789 2008; baseline 0.001 -12"><span class='ocrx_word' id='word_1_433' title='bbox 1046 1975 1104 2007; x_wconf 89' lang='lat' dir='ltr'>pro</span> <span class='ocrx_word' id='word_1_434' title='bbox 1128 1965 1279 2008; x_wconf 87' lang='lat' dir='ltr'>quolibet,</span> <span class='ocrx_word' id='word_1_435' title='bbox 1296 1975 1379 1997; x_wconf 88' lang='lat' dir='ltr'>nunc</span> <span class='ocrx_word' id='word_1_436' title='bbox 1397 1968 1426 1998; x_wconf 89' lang='lat' dir='ltr'>et</span> <span class='ocrx_word' id='word_1_437' title='bbox 1447 1975 1505 2008; x_wconf 88' lang='lat' dir='ltr'>pro</span> <span class='ocrx_word' id='word_1_438' title='bbox 1529 1970 1674 2008; x_wconf 86' lang='lat' dir='ltr'>tempore</span> <span class='ocrx_word' id='word_1_439' title='bbox 1691 1976 1789 1997; x_wconf 86' lang='lat' dir='ltr'>reser-</span> 
     </span>
     <span class='ocr_line' id='line_1_82' title="bbox 1047 2018 1788 2058; baseline 0.001 -9"><span class='ocrx_word' id='word_1_440' title='bbox 1047 2024 1189 2050; x_wconf 87' lang='lat' dir='ltr'>vatarum</span> <span class='ocrx_word' id='word_1_441' title='bbox 1214 2023 1244 2051; x_wconf 90' lang='lat' dir='ltr'>et</span> <span class='ocrx_word' id='word_1_442' title='bbox 1276 2018 1558 2058; x_wconf 86' lang='lat' dir='ltr'>reservandarum,</span> <span class='ocrx_word' id='word_1_443' title='bbox 1583 2019 1726 2050; x_wconf 90' lang='lat' dir='ltr'>habitum</span> <span class='ocrx_word' id='word_1_444' title='bbox 1758 2024 1788 2051; x_wconf 90' lang='lat' dir='ltr'>ct</span> 
     </span>
     <span class='ocr_line' id='line_1_83' title="bbox 1047 2071 1786 2114; baseline 0.001 -11"><span class='ocrx_word' id='word_1_445' title='bbox 1047 2076 1208 2103; x_wconf 89' lang='lat' dir='ltr'>tonsuram</span> <span class='ocrx_word' id='word_1_446' title='bbox 1236 2071 1398 2104; x_wconf 88' lang='lat' dir='ltr'>clericales</span> <span class='ocrx_word' id='word_1_447' title='bbox 1427 2076 1567 2114; x_wconf 87' lang='lat' dir='ltr'>gestare,</span> <span class='ocrx_word' id='word_1_448' title='bbox 1598 2077 1629 2104; x_wconf 91' lang='lat' dir='ltr'>et</span> <span class='ocrx_word' id='word_1_449' title='bbox 1653 2072 1684 2103; x_wconf 94' lang='lat' dir='ltr'>in</span> <span class='ocrx_word' id='word_1_450' title='bbox 1709 2072 1786 2111; x_wconf 81' lang='lat' dir='ltr'>illis,</span> 
     </span>
     <span class='ocr_line' id='line_1_84' title="bbox 1046 2124 1788 2169; baseline -0.001 -12"><span class='ocrx_word' id='word_1_451' title='bbox 1046 2124 1219 2158; x_wconf 89' lang='lat' dir='ltr'>dummodo</span> <span class='ocrx_word' id='word_1_452' title='bbox 1237 2125 1312 2158; x_wconf 80' lang='lat' dir='ltr'>alias</span> <span class='ocrx_word' id='word_1_453' title='bbox 1329 2125 1387 2169; x_wconf 90' lang='lat' dir='ltr'>ipsi</span> <span class='ocrx_word' id='word_1_454' title='bbox 1409 2126 1550 2158; x_wconf 89' lang='lat' dir='ltr'>habitum</span> <span class='ocrx_word' id='word_1_455' title='bbox 1575 2126 1737 2158; x_wconf 86' lang='lat' dir='ltr'>decentem</span> <span class='ocrx_word' id='word_1_456' title='bbox 1757 2131 1788 2157; x_wconf 70' lang='lat' dir='ltr'>vt</span> 
     </span>
     <span class='ocr_line' id='line_1_85' title="bbox 1047 2178 1788 2219; baseline 0 -8"><span class='ocrx_word' id='word_1_457' title='bbox 1047 2178 1213 2211; x_wconf 87' lang='lat' dir='ltr'>honestum</span> <span class='ocrx_word' id='word_1_458' title='bbox 1238 2178 1388 2219; x_wconf 87' lang='lat' dir='ltr'>deserant,</span> <span class='ocrx_word' id='word_1_459' title='bbox 1414 2179 1559 2212; x_wconf 88' lang='lat' dir='ltr'>incedere</span> <span class='ocrx_word' id='word_1_460' title='bbox 1585 2179 1713 2211; x_wconf 88' lang='lat' dir='ltr'>minime</span> <span class='ocrx_word' id='word_1_461' title='bbox 1738 2179 1788 2211; x_wconf 82' lang='lat' dir='ltr'>de-</span> 
     </span>
     <span class='ocr_line' id='line_1_86' title="bbox 1046 2231 1786 2277; baseline 0.001 -13"><span class='ocrx_word' id='word_1_462' title='bbox 1046 2231 1147 2272; x_wconf 88' lang='lat' dir='ltr'>beant,</span> <span class='ocrx_word' id='word_1_463' title='bbox 1164 2243 1222 2265; x_wconf 89' lang='lat' dir='ltr'>nec</span> <span class='ocrx_word' id='word_1_464' title='bbox 1239 2233 1277 2265; x_wconf 90' lang='lat' dir='ltr'>ad</span> <span class='ocrx_word' id='word_1_465' title='bbox 1294 2232 1324 2265; x_wconf 90' lang='lat' dir='ltr'>id</span> <span class='ocrx_word' id='word_1_466' title='bbox 1349 2243 1366 2265; x_wconf 93' lang='lat' dir='ltr'>a</span> <span class='ocrx_word' id='word_1_467' title='bbox 1386 2243 1545 2276; x_wconf 88' lang='lat' dir='ltr'>quoquam</span> <span class='ocrx_word' id='word_1_468' title='bbox 1562 2233 1699 2277; x_wconf 84' lang='lat' dir='ltr'>desuper</span> <span class='ocrx_word' id='word_1_469' title='bbox 1716 2233 1786 2276; x_wconf 68' lang='lat' dir='ltr'>cogi</span> 
     </span>
     <span class='ocr_line' id='line_1_87' title="bbox 1046 2286 1785 2329; baseline 0.001 -12"><span class='ocrx_word' id='word_1_470' title='bbox 1046 2296 1100 2318; x_wconf 90' lang='lat' dir='ltr'>seu</span> <span class='ocrx_word' id='word_1_471' title='bbox 1114 2286 1271 2329; x_wconf 89' lang='lat' dir='ltr'>compelli,</span> <span class='ocrx_word' id='word_1_472' title='bbox 1285 2286 1452 2329; x_wconf 87' lang='lat' dir='ltr'>minusque</span> <span class='ocrx_word' id='word_1_473' title='bbox 1471 2286 1590 2329; x_wconf 85' lang='lat' dir='ltr'>aliquas</span> <span class='ocrx_word' id='word_1_474' title='bbox 1605 2286 1785 2324; x_wconf 68' lang='lat' dir='ltr'>sententias,</span> 
     </span>
     <span class='ocr_line' id='line_1_88' title="bbox 1046 2339 1787 2383; baseline 0 -12"><span class='ocrx_word' id='word_1_475' title='bbox 1046 2349 1205 2381; x_wconf 86' lang='lat' dir='ltr'>censuras,</span> <span class='ocrx_word' id='word_1_476' title='bbox 1226 2349 1261 2371; x_wconf 90' lang='lat' dir='ltr'>ac</span> <span class='ocrx_word' id='word_1_477' title='bbox 1285 2339 1379 2372; x_wconf 90' lang='lat' dir='ltr'>etiam</span> <span class='ocrx_word' id='word_1_478' title='bbox 1402 2339 1585 2383; x_wconf 74' lang='lat' dir='ltr'>privationis</span> <span class='ocrx_word' id='word_1_479' title='bbox 1609 2350 1664 2371; x_wconf 88' lang='lat' dir='ltr'>seu</span> <span class='ocrx_word' id='word_1_480' title='bbox 1689 2350 1787 2372; x_wconf 81' lang='lat' dir='ltr'>cassa-</span> 
     </span>
     <span class='ocr_line' id='line_1_89' title="bbox 1046 2392 1784 2436; baseline 0.003 -12"><span class='ocrx_word' id='word_1_481' title='bbox 1046 2392 1138 2424; x_wconf 87' lang='lat' dir='ltr'>tionis</span> <span class='ocrx_word' id='word_1_482' title='bbox 1163 2392 1304 2436; x_wconf 88' lang='lat' dir='ltr'>ipsarum</span> <span class='ocrx_word' id='word_1_483' title='bbox 1336 2393 1523 2436; x_wconf 88' lang='lat' dir='ltr'>pensionum</span> <span class='ocrx_word' id='word_1_484' title='bbox 1553 2403 1670 2436; x_wconf 88' lang='lat' dir='ltr'>poenas</span> <span class='ocrx_word' id='word_1_485' title='bbox 1694 2403 1784 2426; x_wconf 85' lang='lat' dir='ltr'>occa-</span> 
     </span>
     <span class='ocr_line' id='line_1_90' title="bbox 1046 2445 1785 2489; baseline 0.001 -13"><span class='ocrx_word' id='word_1_486' title='bbox 1046 2445 1132 2477; x_wconf 89' lang='lat' dir='ltr'>sione</span> <span class='ocrx_word' id='word_1_487' title='bbox 1147 2445 1396 2488; x_wconf 88' lang='lat' dir='ltr'>praemissorum</span> <span class='ocrx_word' id='word_1_488' title='bbox 1411 2445 1572 2478; x_wconf 88' lang='lat' dir='ltr'>incurrere</span> <span class='ocrx_word' id='word_1_489' title='bbox 1590 2445 1721 2489; x_wconf 86' lang='lat' dir='ltr'>possint,</span> <span class='ocrx_word' id='word_1_490' title='bbox 1731 2445 1785 2478; x_wconf 83' lang='lat' dir='ltr'>scd</span> 
     </span>
     <span class='ocr_line' id='line_1_91' title="bbox 1045 2497 1784 2541; baseline 0.001 -11"><span class='ocrx_word' id='word_1_491' title='bbox 1045 2497 1170 2530; x_wconf 87' lang='lat' dir='ltr'>easdem</span> <span class='ocrx_word' id='word_1_492' title='bbox 1187 2498 1353 2541; x_wconf 89' lang='lat' dir='ltr'>pensiones</span> <span class='ocrx_word' id='word_1_493' title='bbox 1366 2498 1404 2530; x_wconf 88' lang='lat' dir='ltr'>ad</span> <span class='ocrx_word' id='word_1_494' title='bbox 1421 2498 1614 2541; x_wconf 87' lang='lat' dir='ltr'>praedictam</span> <span class='ocrx_word' id='word_1_495' title='bbox 1629 2509 1784 2531; x_wconf 89' lang='lat' dir='ltr'>summam</span> 
     </span>
     <span class='ocr_line' id='line_1_92' title="bbox 1045 2551 1785 2594; baseline 0.003 -11"><span class='ocrx_word' id='word_1_496' title='bbox 1045 2551 1253 2584; x_wconf 87' lang='lat' dir='ltr'>ducentorum</span> <span class='ocrx_word' id='word_1_497' title='bbox 1267 2551 1452 2584; x_wconf 87' lang='lat' dir='ltr'>ducatorum</span> <span class='ocrx_word' id='word_1_498' title='bbox 1470 2552 1681 2594; x_wconf 84' lang='lat' dir='ltr'>ascendentes,</span> <span class='ocrx_word' id='word_1_499' title='bbox 1696 2557 1726 2585; x_wconf 87' lang='grc'>01</span> <span class='ocrx_word' id='word_1_500' title='bbox 1740 2563 1785 2585; x_wconf 82' lang='lat' dir='ltr'>re—</span> 
     </span>
     <span class='ocr_line' id='line_1_93' title="bbox 1045 2605 1784 2648; baseline 0 -11"><span class='ocrx_word' id='word_1_501' title='bbox 1045 2610 1182 2637; x_wconf 85' lang='lat' dir='ltr'>servatas</span> <span class='ocrx_word' id='word_1_502' title='bbox 1206 2608 1240 2638; x_wconf 89' lang='grc'>01</span> <span class='ocrx_word' id='word_1_503' title='bbox 1262 2606 1448 2648; x_wconf 76' lang='lat' dir='ltr'>praefertur,</span> <span class='ocrx_word' id='word_1_504' title='bbox 1474 2605 1596 2638; x_wconf 85' lang='lat' dir='ltr'>etiamsi</span> <span class='ocrx_word' id='word_1_505' title='bbox 1621 2606 1784 2638; x_wconf 85' lang='lat' dir='ltr'>matrimo-</span> 
     </span>
     <span class='ocr_line' id='line_1_94' title="bbox 1044 2658 1782 2703; baseline 0.001 -13"><span class='ocrx_word' id='word_1_506' title='bbox 1044 2659 1130 2691; x_wconf 86' lang='lat' dir='ltr'>nium</span> <span class='ocrx_word' id='word_1_507' title='bbox 1156 2658 1216 2691; x_wconf 88' lang='lat' dir='ltr'>iam</span> <span class='ocrx_word' id='word_1_508' title='bbox 1242 2659 1465 2700; x_wconf 75' lang='lat' dir='ltr'>contraxerint,</span> <span class='ocrx_word' id='word_1_509' title='bbox 1490 2659 1537 2691; x_wconf 77' lang='lat' dir='ltr'>vel</span> <span class='ocrx_word' id='word_1_510' title='bbox 1563 2659 1695 2703; x_wconf 84' lang='lat' dir='ltr'>posthac</span> <span class='ocrx_word' id='word_1_511' title='bbox 1712 2669 1782 2692; x_wconf 90' lang='lat' dir='ltr'>con-</span> 
     </span>
    </p>
   </div>
   <div class='ocr_carea' id='block_1_18' title="bbox 1812 264 1994 291">
    <p class='ocr_par' dir='ltr' id='par_1_19' title="bbox 1812 264 1994 291">
     <span class='ocr_line' id='line_1_95' title="bbox 1812 264 1994 291; baseline 0.005 -1"><span class='ocrx_word' id='word_1_512' title='bbox 1812 265 1859 291; x_wconf 86' lang='grc' dir='ltr'><strong>Α11.</strong></span> <span class='ocrx_word' id='word_1_513' title='bbox 1873 265 1902 290; x_wconf 89' lang='lat' dir='ltr'>C.</span> <span class='ocrx_word' id='word_1_514' title='bbox 1927 264 1994 291; x_wconf 61' lang='lat'>1623</span> 
     </span>
    </p>
   </div>
   <div class='ocr_carea' id='block_1_19' title="bbox 1808 325 1993 452">
    <p class='ocr_par' dir='ltr' id='par_1_20' title="bbox 1808 325 1993 452">
     <span class='ocr_line' id='line_1_96' title="bbox 1835 325 1993 346; baseline 0 -1"><span class='ocrx_word' id='word_1_515' title='bbox 1835 325 1938 346; x_wconf 73' lang='lat' dir='ltr'>Praesens</span> <span class='ocrx_word' id='word_1_516' title='bbox 1963 326 1993 345; x_wconf 82' lang='lat' dir='ltr'>in-</span> 
     </span>
     <span class='ocr_line' id='line_1_97' title="bbox 1809 352 1993 372; baseline 0.005 -1"><span class='ocrx_word' id='word_1_517' title='bbox 1809 352 1886 372; x_wconf 79' lang='lat' dir='ltr'>dultum</span> <span class='ocrx_word' id='word_1_518' title='bbox 1901 353 1993 372; x_wconf 77' lang='lat' dir='ltr'>cumulu—</span> 
     </span>
     <span class='ocr_line' id='line_1_98' title="bbox 1809 381 1993 404; baseline 0 -6"><span class='ocrx_word' id='word_1_519' title='bbox 1809 381 1850 398; x_wconf 74' lang='lat' dir='ltr'>tuve</span> <span class='ocrx_word' id='word_1_520' title='bbox 1866 384 1912 398; x_wconf 77' lang='lat' dir='ltr'>curn</span> <span class='ocrx_word' id='word_1_521' title='bbox 1933 384 1993 404; x_wconf 68' lang='lat' dir='ltr'>prae·</span> 
     </span>
     <span class='ocr_line' id='line_1_99' title="bbox 1809 405 1993 425; baseline 0.011 -2"><span class='ocrx_word' id='word_1_522' title='bbox 1809 405 1934 424; x_wconf 56' lang='lat' dir='ltr'>sedentibus</span> <span class='ocrx_word' id='word_1_523' title='bbox 1945 411 1993 425; x_wconf 79' lang='lat' dir='ltr'>cen-</span> 
     </span>
     <span class='ocr_line' id='line_1_100' title="bbox 1808 431 1939 452; baseline 0 0"><span class='ocrx_word' id='word_1_524' title='bbox 1808 437 1849 452; x_wconf 80' lang='lat' dir='ltr'>seri</span> <span class='ocrx_word' id='word_1_525' title='bbox 1868 431 1939 452; x_wconf 69' lang='lat' dir='ltr'>debet.</span> 
     </span>
    </p>
   </div>
   <div class='ocr_carea' id='block_1_20' title="bbox 1803 1494 1991 1621">
    <p class='ocr_par' dir='ltr' id='par_1_21' title="bbox 1803 1494 1991 1621">
     <span class='ocr_line' id='line_1_101' title="bbox 1839 1494 1989 1515; baseline 0 0"><span class='ocrx_word' id='word_1_526' title='bbox 1839 1494 1989 1515; x_wconf 61' lang='lat' dir='ltr'>conciat-istas</span> 
     </span>
     <span class='ocr_line' id='line_1_102' title="bbox 1803 1521 1991 1547; baseline 0.005 -7"><span class='ocrx_word' id='word_1_527' title='bbox 1803 1521 1991 1547; x_wconf 42' lang='lat' dir='ltr'>‹tispunsantnrsu-</span> 
     </span>
     <span class='ocr_line' id='line_1_103' title="bbox 1803 1548 1989 1573; baseline -0.005 -5"><span class='ocrx_word' id='word_1_528' title='bbox 1803 1555 1841 1573; x_wconf 71' lang='grc'><strong>1101</strong></span> <span class='ocrx_word' id='word_1_529' title='bbox 1881 1548 1989 1568; x_wconf 72' lang='lat' dir='ltr'>delatione</span> 
     </span>
     <span class='ocr_line' id='line_1_104' title="bbox 1806 1575 1990 1595; baseline -0.005 0"><span class='ocrx_word' id='word_1_530' title='bbox 1806 1575 1891 1595; x_wconf 58' lang='lat' dir='ltr'>babitus</span> <span class='ocrx_word' id='word_1_531' title='bbox 1906 1576 1927 1594; x_wconf 85' lang='lat' dir='ltr'>ct</span> <span class='ocrx_word' id='word_1_532' title='bbox 1945 1577 1990 1594; x_wconf 82' lang='lat' dir='ltr'>too-</span> 
     </span>
     <span class='ocr_line' id='line_1_105' title="bbox 1806 1607 1875 1621; baseline 0 0"><span class='ocrx_word' id='word_1_533' title='bbox 1806 1607 1875 1621; x_wconf 55' lang='lat' dir='ltr'>surae.</span> 
     </span>
    </p>
   </div>
  </div>
 </body>
</html>
