2269 3235
205 261 254 288 Λιι.
271 261 299 287 C.
322 261 388 288 102⁴

228 1339 330 1360 Itiwencnt
340 1346 383 1360 erc-

201 1370 369 1392 mummulus-¹1<
379 1374 382 1380 ¹

200 1394 295 1413 nutilium
328 1394 359 1413 clu
368 1401 384 1413 l-

200 1423 295 1440 sltauam.

239 2033 296 2054 Nunc
321 2033 383 2054 Ubat·

200 2061 248 2081 ilum
292 2061 382 2080 iudicem

199 2087 385 2113 pr<.r·21100uffl.2.i,
398 2085 454 2118 per
474 2075 574 2108 dictae.
598 2076 728 2109 militiae
752 2076 864 2110 fratres
883 2077 996 2110 milites
1020 2078 1136 2120 gestari

200 2115 336 2134 admittendis
354 2114 383 2135 sa-

200 2141 330 2163 cieudarum.
346 2141 383 2162 de—

200 2170 265 2193 putat.

373 1375 376 1385 ¹
399 1379 586 1414 dilectorum
600 1380 738 1414 filiorum
752 1381 903 1413 nobilium
916 1381 1057 1414 virorum
1070 1381 1141 1414 Fer·
1156 1390 1157 1416 1

434 253 497 286 ‘2222'
981 262 1160 287 naitanum

401 315 431 343 et
456 311 597 343 locorum
628 310 769 343 eamdem
797 310 888 343 sidem
915 310 1038 351 facere,
1063 321 1143 354 quae

402 369 582 407 praesentes
606 364 754 404 tavei-eiu,
779 363 803 396 si
829 363 1062 396 exhiberentur.

444 418 555 450 Datum
581 418 706 458 Romae,
732 417 814 461 apud
839 418 867 450 S.
894 417 1021 450 Mariam
1048 418 1141 450 Maio-

401 480 478 510 rem,
493 471 550 503 sul»
574 471 690 503 annulo
715 470 891 511 piscatoris,
909 470 958 504 die
984 481 1058 505 xxlv
1075 481 1142 514 sep-

401 523 530 556 tembris
541 533 692 564 umxxw,
701 524 1006 567 pontificatusuostri
1018 533 1139 557 annon.

436 585 492 612 Dat.
510 585 553 613 die
567 586 600 613 ⁹24
615 586 778 622 septembris
798 585 875 621 1624,
891 587 985 623 pontii.
1002 595 1073 615 anno
1089 594 1117 614 11.

678 712 859 746 LXXXVIII.

401 783 572 826 Deputatz'o
588 782 620 816 F
619 784 760 816 rancisci
779 783 896 817 ubaldi
915 794 1025 817 sacrae
1041 784 1140 817 Rotae
1156 817 1157 826 ἵ

442 836 604 869 auditoris
626 838 662 869 in
683 837 922 880 praesidentem
947 842 975 870 et
999 831 1157 870 iudicent

440 890 670 933 probationum
691 890 839 934 equilum
859 890 1032 934 reliqz'onis
1049 891 1139 923 Mili-

444 944 508 977 tiae
534 944 742 978 Christianae
755 943 773 975 ¹.

398 1014 512 1041 Dilecto
528 1014 589 1041 filio
605 1014 749 1048 magistro
764 1013 925 1042 Francisco
937 1015 1058 1049 ubaldo,
1070 1021 1139 1048 cap·
1155 1049 1157 1063 4

434 1059 553 1092 pellano
576 1062 679 1086 nostro
700 1062 731 1086 et
754 1066 913 1086 causarum
937 1059 1044 1093 palatii
1068 1066 1138 1093 apo-

434 1103 536 1131 stolici
556 1104 696 1137 auditori,

592 1158 728 1185 Urbanus
763 1158 842 1193 Papa
871 1159 944 1186 VIII.

671 1220 785 1248 Dilecte
806 1220 865 1252 fili,

435 1266 565 1293 salutem
587 1268 617 1292 et
637 1266 834 1299 apostolicam
854 1266 1102 1294 benedictionem.

443 1327 458 1370 g
482 1328 511 1359 t.
536 1327 612 1361 Cum
638 1338 695 1360 nos
719 1338 829 1371 nuper,
855 1328 1140 1372 supplicationibus

398 1434 525 1466 dinandi
555 1435 696 1467 Mantuae
730 1444 765 1467 ac
794 1435 896 1467 Caroli
926 1435 1139 1468 Niverniensis

398 1487 533 1528 ducum,
561 1498 683 1521 necnon
719 1488 853 1532 Adolplii
885 1488 1008 1521 comitis
1032 1489 1069 1521 de
1088 1489 1139 1521 Al-

398 1540 482 1581 than,
507 1540 597 1573 nobis
622 1540 785 1574 humiliter
809 1541 965 1585 porrectis
989 1542 1138 1582 inclinati,

398 1604 490 1626 unam
508 1593 647 1626 Militiam
665 1594 875 1628 Christianam
894 1595 1137 1638 nuncupandam
1155 1616 1156 1636 t

399 1647 457 1679 sub
477 1647 566 1680 titulo
590 1647 808 1692 Conceptionis
826 1648 856 1681 B.
875 1648 989 1681 Mariae
1003 1649 1139 1691 Virginis

400 1700 636 1741 Immaculatae,
662 1701 720 1734 sub
746 1702 839 1735 certis
865 1702 959 1735 modo
983 1707 1013 1735 et
1037 1703 1139 1735 forma

400 1758 471 1786 tunc
482 1754 647 1797 expressis,
656 1755 828 1798 apostolica
839 1755 1024 1789 auctoritate
1034 1766 1140 1789 erexe-
1154 1778 1155 1798 ;

398 1806 497 1840 rimus
522 1813 551 1840 et.
575 1807 823 1849 instituerimus,
848 1814 943 1852 prout
967 1809 997 1841 in
1022 1807 1155 1856 nostris}

398 1861 456 1894 sub
469 1861 599 1905 plumbo
612 1862 749 1906 desuper
763 1862 916 1906 expeditis
930 1863 1052 1905 litteris,
1066 1874 1138 1907 qua·
1153 1862 1155 1889 l

398 1925 469 1946 rum
500 1919 624 1948 tenores
655 1915 871 1959 praesentibus
895 1927 953 1960 pro
982 1917 1137 1960 expressis

398 1967 507 2000 haberi
531 1969 686 2010 volumus,
711 1969 835 2012 plenius
860 1969 1054 2003 continetur:

442 2022 457 2065 ᾗ
481 2022 510 2054 ⁶2.
536 2022 678 2063 Idcirco,
702 2028 736 2055 ut
760 2034 869 2056 eorum
884 2051 892 2065 ,
916 2024 969 2067 qui
994 2024 1153 2059 habitum}

399 2129 523 2162 solitum
559 2130 740 2174 suscipere,
765 2134 795 2164 et
827 2131 1056 2175 professionem
1079 2142 1136 2175 per

399 2183 524 2217 cosdem
549 2184 648 2216 emitti
673 2189 866 2225 cousuetam,
885 2195 1033 2228 expresse
1050 2185 1137 2218 emit-

399 2243 463 2270 tere
498 2238 653 2271 voluerint
668 2266 675 2279 ,
703 2239 865 2281 regulares
901 2239 1071 2272 nobilitatis
1107 2245 1135 2272 et

398 2291 532 2324 aliorum
557 2292 790 2337 ¹requisitorum
819 2292 1021 2336 probationes
1051 2298 1135 2325 recte

397 2350 427 2376 et
451 2344 533 2377 iuxta
558 2345 698 2378 eiusdem
724 2346 853 2379 militiae
874 2351 996 2388 statuta,
1015 2351 1137 2390 aposto-

396 2398 455 2430 lica
473 2399 656 2432 auctoritate
674 2399 869 2441 confirmata,
885 2400 970 2441 siant,
985 2405 1135 2443 quantum

396 2462 467 2483 cum
494 2452 624 2485 Domino
649 2463 815 2496 possumus
838 2453 1005 2497 providere
1029 2454 1135 2487 rolen-

397 2510 451 2544 tes‚
472 2516 505 2538 ae
524 2506 561 2538 de
586 2508 639 2538 tua
664 2506 735 2547 fide,
753 2507 930 2551 prudentia,
947 2508 1135 2551 integritate,

396 2558 549 2600 doctrina,
563 2570 734 2604 rerumque
752 2561 945 2604 experientia
962 2561 1135 2605 plurimum
1151 2550 1152 2565 ¹

433 2631 443 2655 t
464 2629 555 2657 Erexit
573 2631 617 2657 luc
637 2631 760 2657 Pontifex
780 2631 901 2659 militiam
917 2632 944 2659 in
959 2640 1009 2660 sua
1028 2632 1135 2660 Consti-

397 2674 498 2701 tutione
509 2681 590 2701 xxxxi
602 2675 860 2710 Imperscratal›ilts
871 2681 897 2703 ut
909 2685 989 2712 supra
1000 2685 1060 2713 pag.
1077 2677 1135 2704 ttt.
1151 2682 1155 2711 t,

1183 261 1337 287 ROMANUM

1178 310 1208 342 iu
1233 311 1366 344 Domino
1397 310 1529 350 confisi,
1554 316 1641 344 motu
1668 311 1800 356 proprio
1824 315 1854 344 et
1877 321 1915 344 ex

1177 365 1261 398 certa
1280 364 1410 397 seientia
1428 374 1463 397 ac
1480 365 1601 397 matura
1619 363 1843 398 deliberatione
1861 374 1916 398 no-

1176 418 1258 458 stris,
1283 417 1384 461 deque
1404 417 1594 461 apostolicae
1625 417 1787 461 potestatis
1813 417 1915 461 pleni-

1176 470 1302 512 tudine,
1335 476 1364 504 te
1388 471 1420 503 in
1444 470 1675 514 praesidentem
1700 480 1756 504 seu
1777 470 1914 504 iudicem

1175 524 1396 568 probationum
1416 525 1658 568 praedictarum,
1678 535 1749 558 cum
1769 524 1915 557 omnibus

1175 583 1204 610 et
1221 578 1350 621 singulis
1366 578 1549 620 bonoribus,
1566 577 1748 622 privilegiis,
1762 577 1870 620 gratiis
1886 582 1916 611 et

1175 631 1302 664 indultis
1316 631 1414 664 solitis
1430 637 1460 665 et
1473 632 1641 673 consuetis,
1654 631 1692 664 ad
1708 635 1852 664 nostrum
1865 631 1917 664 be-

1156 685 1375 728 ·neplacitum,
1402 690 1511 719 tenore
1534 685 1757 729 praesentium,
1775 684 1915 725 facimus,

1174 738 1394 772 constituimus
1423 745 1453 772 et
1485 739 1692 783 deputamus,
1716 738 1858 783 tibique,
1881 742 1917 771 ut

1174 791 1379 834 probationes
1394 792 1570 836 praedictas
1586 793 1774 826 sufficientes
1791 792 1838 825 vel
1852 801 1916 825 non

1174 845 1362 879 sufficientes
1379 846 1465 879 iuxta
1481 846 1621 880 eiusdem
1643 846 1772 880 militiae
1790 850 1915 887 statuta,

1174 908 1230 930 seu
1254 899 1475 940 stabilimenta,
1501 900 1610 934 eadem
1634 900 1819 934 auctoritate
1844 909 1916 933 con-

1173 952 1315 993 firmata,
1341 953 1511 987 decernere
1543 959 1573 987 et
1597 954 1758 988 declarare
1782 955 1813 987 in
1838 955 1914 988 actis

1173 1005 1298 1046 notarii,
1316 1016 1372 1049 per
1389 1011 1418 1039 te
1437 1007 1571 1050 eligendi
1589 1011 1619 1041 et
1634 1007 1826 1049 nominandi,
1843 1007 1915 1040 alia-

1173 1069 1233 1102 que
1259 1059 1364 1092 omnia
1397 1065 1426 1093 et
1451 1060 1573 1104 singula
1597 1061 1628 1093 in
1653 1061 1837 1104 praemissis
1852 1088 1860 1102 ,
1885 1066 1915 1093 et

1174 1112 1257 1145 cirea
1281 1123 1317 1145 ea
1341 1114 1518 1146 necessaria
1542 1117 1572 1148 et
1595 1118 1772 1158 opportuna
1797 1114 1914 1154 facere,

1156 1162 1296 1206 dicere,
1325 1177 1437 1209 gerere
1462 1172 1492 1199 et
1516 1167 1628 1211 exequi
1656 1167 1753 1200 libere
1778 1173 1808 1200 et
1831 1166 1915 1200 licite

1174 1219 1275 1262 possis
1291 1224 1320 1252 et
1334 1220 1446 1262 valeas,
1461 1221 1646 1254 auctoritate
1660 1225 1690 1254 et
1703 1226 1811 1254 tenore
1828 1231 1916 1265 prae-

1156 1271 1274 1313 uictis,
1300 1273 1436 1317 plenam,
1453 1274 1585 1307 liberam
1610 1279 1640 1307 et
1664 1274 1801 1318 amplam
1821 1275 1916 1308 sacul-

1170 1322 1267 1359 'tatem
1293 1332 1321 1359 et
1347 1327 1563 1362 auctoritatem
1589 1328 1791 1361 concedimus
1811 1332 1840 1362 et
1857 1329 1914 1361 im-

1173 1379 1338 1422 pertimur.

1218 1434 1232 1477 g
1257 1433 1287 1467 3.
1315 1435 1383 1468 Non
1414 1434 1609 1468 obstantibus
1640 1435 1914 1470 constitutionibus

1173 1491 1203 1518 et
1233 1486 1483 1521 ordinationibus
1514 1489 1714 1532 apostolicis,
1739 1490 1914 1533 ceterisque

1174 1541 1339 1573 contrariis
1364 1541 1625 1586 quibuscumque.

1217 1594 1327 1626 Datum
1354 1595 1481 1635 Romae,
1509 1595 1594 1639 apud
1623 1601 1760 1629 sanctam
1786 1596 1913 1630 Mariam

1173 1647 1332 1688 Maiorem,
1351 1648 1408 1680 sub
1431 1649 1546 1682 annulo
1570 1649 1747 1692 piscatoris,
1768 1649 1818 1682 die
1838 1660 1914 1683 xxvt

1173 1701 1359 1745 septembris
1399 1712 1549 1743 uncxxw,
1579 1703 1779 1746 pontificatus
1814 1703 1913 1737 nostri

1173 1765 1254 1789 anno
1273 1766 1303 1788 11.

1207 1819 1265 1846 Dat.
1283 1819 1326 1846 die
1339 1819 1374 1846 ‘26
1388 1820 1552 1855 septembris
1569 1820 1646 1855 1624,
1663 1821 1757 1855 pontif.
1777 1829 1821 1847 an.
1838 1828 1866 1848 ιι.

1467 1946 1622 1979 LXXXIX.

1152 2012 1154 2023 “
1170 2016 1338 2050 Βθιόοαίίο
1363 2018 1602 2050 concessionum
1618 2017 1819 2052 diversorum
1844 2018 1913 2063 offi-

1215 2069 1361 2110 ciorum,
1389 2081 1426 2102 ac
1449 2070 1712 2114 prt'vileyz'ornm,
1740 2073 1914 2116 exemptio-

1214 2134 1316 2163 num,
1344 2124 1532 2167 qratiarunt
1556 2129 1585 2157 et
1618 2125 1847 2166 indultorum,
1876 2126 1912 2159 in

1211 2177 1454 2220 praeiudicimn
1480 2177 1571 2211 Sectis
1595 2183 1623 2211 et
1649 2179 1802 2212 Gamerae
1825 2179 1912 2223 Apo-

1213 2230 1345 2263 stolicae
1369 2235 1608 2264 emanacarnm.

1377 2302 1514 2330 Urbanus
1530 2303 1703 2337 Episcopus,

1347 2354 1453 2374 servus
1485 2355 1639 2375 servorum
1671 2349 1734 2383 Dei,

1294 2392 1330 2418 ad
1350 2395 1526 2427 perpetuam
1545 2394 1590 2420 rei
1609 2394 1788 2421 memoriam.

1213 2453 1346 2497 Superni
1359 2454 1536 2497 benignitas
1549 2455 1737 2497 Conditoris,
1753 2456 1842 2490 cuius
1860 2457 1910 2490 ad-

1170 2508 1305 2540 mirabili
1319 2508 1516 2552 providentia
1529 2515 1640 2543 cuncta
1658 2514 1820 2553 reguntur,
1838 2521 1909 2544 cum

1169 2561 1262 2593 nullis
1286 2562 1402 2594 nostris
1431 2562 1676 2605 suffragantibus
1707 2563 1828 2597 meritis
1852 2573 1909 2597 nos

1169 2615 1206 2647 ad
1224 2615 1358 2647 sublime
1375 2616 1512 2648 evexerit
1535 2617 1727 2661 apostolicae
1749 2617 1909 2660 dignitatis

1170 2668 1349 2711 fastigium,
1374 2668 1551 2702 universam
1585 2670 1775 2713 reipublicae
1799 2681 1908 2704 curam

1928 262 1977 289 Αη.
1994 262 2022 290 G.
2044 262 2112 290 162⁴

1970 1443 2061 1469 Dei-oga!
2076 1443 2113 1463 ob-

1928 1471 2040 1491 stantibus.

1951 2466 2093 2486 Prooemium.
