<?xml version="1.0" encoding="UTF-8"?>
<!DOCTYPE html PUBLIC "-//W3C//DTD XHTML 1.0 Transitional//EN"
    "http://www.w3.org/TR/xhtml1/DTD/xhtml1-transitional.dtd">
<html xmlns="http://www.w3.org/1999/xhtml" xml:lang="en" lang="en">
 <head>
  <title>
</title>
<meta http-equiv="Content-Type" content="text/html;charset=utf-8" />
  <meta name='ocr-system' content='tesseract 3.04.00' />
  <meta name='ocr-capabilities' content='ocr_page ocr_carea ocr_par ocr_line ocrx_word'/>
</head>
<body>
  <div class='ocr_page' id='page_1' title='image "./bullarumdiplomat13cath_0521.png"; bbox 0 0 2269 3235; ppageno 0'>
   <div class='ocr_carea' id='block_1_1' title="bbox 127 239 311 269">
    <p class='ocr_par' dir='ltr' id='par_1_1' title="bbox 127 239 311 269">
     <span class='ocr_line' id='line_1_1' title="bbox 127 239 311 269; baseline -0.005 0"><span class='ocrx_word' id='word_1_1' title='bbox 127 241 178 269; x_wconf 79' lang='lat' dir='ltr'>An.</span> <span class='ocrx_word' id='word_1_2' title='bbox 194 241 223 269; x_wconf 90' lang='lat' dir='ltr'>C.</span> <span class='ocrx_word' id='word_1_3' title='bbox 244 239 311 268; x_wconf 72' lang='lat'>1626</span> 
     </span>
    </p>
   </div>
   <div class='ocr_carea' id='block_1_2' title="bbox 152 1524 271 1547">
    <p class='ocr_par' dir='ltr' id='par_1_2' title="bbox 152 1524 271 1547">
     <span class='ocr_line' id='line_1_2' title="bbox 152 1524 271 1547; baseline 0.008 -1"><span class='ocrx_word' id='word_1_4' title='bbox 152 1524 271 1547; x_wconf 78' lang='lat' dir='ltr'>clausulae.</span> 
     </span>
    </p>
   </div>
   <div class='ocr_carea' id='block_1_3' title="bbox 131 2160 311 2213">
    <p class='ocr_par' dir='ltr' id='par_1_3' title="bbox 131 2160 311 2213">
     <span class='ocr_line' id='line_1_3' title="bbox 181 2160 311 2182; baseline 0.008 -1"><span class='ocrx_word' id='word_1_5' title='bbox 181 2160 311 2182; x_wconf 60' lang='lat' dir='ltr'>obstantium</span> 
     </span>
     <span class='ocr_line' id='line_1_4' title="bbox 131 2187 247 2213; baseline 0 -5"><span class='ocrx_word' id='word_1_6' title='bbox 131 2187 247 2213; x_wconf 78' lang='lat' dir='ltr'>derogatio.</span> 
     </span>
    </p>
   </div>
   <div class='ocr_carea' id='block_1_4' title="bbox 928 235 1221 262">
    <p class='ocr_par' dir='ltr' id='par_1_4' title="bbox 928 235 1221 262">
     <span class='ocr_line' id='line_1_5' title="bbox 928 235 1221 262; baseline -0.01 0"><span class='ocrx_word' id='word_1_7' title='bbox 928 236 1069 262; x_wconf 75' lang='lat' dir='ltr'>URBANUS</span> <span class='ocrx_word' id='word_1_8' title='bbox 1093 235 1150 260; x_wconf 85' lang='lat' dir='ltr'>vm</span> <span class='ocrx_word' id='word_1_9' title='bbox 1172 235 1221 260; x_wconf 85' lang='lat' dir='ltr'>PP.</span> 
     </span>
    </p>
   </div>
   <div class='ocr_carea' id='block_1_5' title="bbox 320 284 1067 2526">
    <p class='ocr_par' dir='ltr' id='par_1_5' title="bbox 320 284 1065 1511">
     <span class='ocr_line' id='line_1_6' title="bbox 325 284 1062 331; baseline -0.004 -11"><span class='ocrx_word' id='word_1_10' title='bbox 325 287 460 331; x_wconf 88' lang='lat' dir='ltr'>illosque</span> <span class='ocrx_word' id='word_1_11' title='bbox 489 285 677 330; x_wconf 78' lang='lat' dir='ltr'>specialibus</span> <span class='ocrx_word' id='word_1_12' title='bbox 708 284 865 319; x_wconf 78' lang='lat' dir='ltr'>favoribus</span> <span class='ocrx_word' id='word_1_13' title='bbox 894 290 924 318; x_wconf 87' lang='lat' dir='ltr'>et</span> <span class='ocrx_word' id='word_1_14' title='bbox 954 285 1062 327; x_wconf 80' lang='lat' dir='ltr'>gratiis</span> 
     </span>
     <span class='ocr_line' id='line_1_7' title="bbox 323 337 1062 384; baseline -0.007 -11"><span class='ocrx_word' id='word_1_15' title='bbox 323 339 470 384; x_wconf 78' lang='lat' dir='ltr'>prosequi</span> <span class='ocrx_word' id='word_1_16' title='bbox 501 340 660 382; x_wconf 88' lang='lat' dir='ltr'>volentes,</span> <span class='ocrx_word' id='word_1_17' title='bbox 683 344 713 372; x_wconf 90' lang='lat' dir='ltr'>et</span> <span class='ocrx_word' id='word_1_18' title='bbox 741 348 851 372; x_wconf 87' lang='lat' dir='ltr'>eorum</span> <span class='ocrx_word' id='word_1_19' title='bbox 887 337 1062 379; x_wconf 78' lang='lat' dir='ltr'>singulares</span> 
     </span>
     <span class='ocr_line' id='line_1_8' title="bbox 325 389 1060 438; baseline -0.008 -11"><span class='ocrx_word' id='word_1_20' title='bbox 325 404 477 438; x_wconf 79' lang='lat' dir='ltr'>personas</span> <span class='ocrx_word' id='word_1_21' title='bbox 497 405 514 426; x_wconf 89' lang='lat' dir='ltr'>a</span> <span class='ocrx_word' id='word_1_22' title='bbox 533 393 694 438; x_wconf 86' lang='lat' dir='ltr'>quibusvis</span> <span class='ocrx_word' id='word_1_23' title='bbox 719 389 1060 430; x_wconf 78' lang='lat' dir='ltr'>excommunicationis,</span> 
     </span>
     <span class='ocr_line' id='line_1_9' title="bbox 326 443 1062 492; baseline -0.01 -11"><span class='ocrx_word' id='word_1_24' title='bbox 326 447 539 492; x_wconf 83' lang='lat' dir='ltr'>suspensionis</span> <span class='ocrx_word' id='word_1_25' title='bbox 564 452 593 481; x_wconf 88' lang='lat' dir='ltr'>et</span> <span class='ocrx_word' id='word_1_26' title='bbox 618 446 783 488; x_wconf 81' lang='lat' dir='ltr'>interdicti,</span> <span class='ocrx_word' id='word_1_27' title='bbox 809 444 939 487; x_wconf 89' lang='lat' dir='ltr'>aliisque</span> <span class='ocrx_word' id='word_1_28' title='bbox 962 443 1062 475; x_wconf 88' lang='lat' dir='ltr'>eccle-</span> 
     </span>
     <span class='ocr_line' id='line_1_10' title="bbox 324 497 1062 541; baseline -0.009 -6"><span class='ocrx_word' id='word_1_29' title='bbox 324 502 455 535; x_wconf 81' lang='lat' dir='ltr'>siasticis</span> <span class='ocrx_word' id='word_1_30' title='bbox 479 501 649 541; x_wconf 79' lang='lat' dir='ltr'>sententiis,</span> <span class='ocrx_word' id='word_1_31' title='bbox 674 499 814 533; x_wconf 82' lang='lat' dir='ltr'>censuris</span> <span class='ocrx_word' id='word_1_32' title='bbox 838 503 868 531; x_wconf 89' lang='lat' dir='ltr'>et</span> <span class='ocrx_word' id='word_1_33' title='bbox 892 497 1019 540; x_wconf 87' lang='lat' dir='ltr'>poenis,</span> <span class='ocrx_word' id='word_1_34' title='bbox 1045 506 1062 528; x_wconf 89' lang='lat' dir='ltr'>a</span> 
     </span>
     <span class='ocr_line' id='line_1_11' title="bbox 324 549 1062 597; baseline -0.011 -8"><span class='ocrx_word' id='word_1_35' title='bbox 324 555 394 589; x_wconf 91' lang='lat' dir='ltr'>iure</span> <span class='ocrx_word' id='word_1_36' title='bbox 418 556 465 589; x_wconf 79' lang='lat' dir='ltr'>vel</span> <span class='ocrx_word' id='word_1_37' title='bbox 491 555 529 588; x_wconf 88' lang='lat' dir='ltr'>ab</span> <span class='ocrx_word' id='word_1_38' title='bbox 553 554 690 594; x_wconf 79' lang='lat' dir='ltr'>homine,</span> <span class='ocrx_word' id='word_1_39' title='bbox 708 552 816 597; x_wconf 88' lang='lat' dir='ltr'>quavis</span> <span class='ocrx_word' id='word_1_40' title='bbox 833 550 998 585; x_wconf 75' lang='lat' dir='ltr'>occasione</span> <span class='ocrx_word' id='word_1_41' title='bbox 1014 549 1062 582; x_wconf 84' lang='lat' dir='ltr'>vcl</span> 
     </span>
     <span class='ocr_line' id='line_1_12' title="bbox 324 604 1062 652; baseline -0.012 -8"><span class='ocrx_word' id='word_1_42' title='bbox 324 611 417 643; x_wconf 73' lang='lat' dir='ltr'>causa</span> <span class='ocrx_word' id='word_1_43' title='bbox 440 610 519 651; x_wconf 84' lang='lat' dir='ltr'>latis,</span> <span class='ocrx_word' id='word_1_44' title='bbox 540 609 566 642; x_wconf 89' lang='lat' dir='ltr'>si</span> <span class='ocrx_word' id='word_1_45' title='bbox 583 607 696 652; x_wconf 90' lang='lat' dir='ltr'>quibus</span> <span class='ocrx_word' id='word_1_46' title='bbox 712 604 949 650; x_wconf 84' lang='lat' dir='ltr'>quomodolibet</span> <span class='ocrx_word' id='word_1_47' title='bbox 972 604 1062 636; x_wconf 90' lang='lat' dir='ltr'>inno-</span> 
     </span>
     <span class='ocr_line' id='line_1_13' title="bbox 323 657 1061 704; baseline -0.011 -7"><span class='ocrx_word' id='word_1_48' title='bbox 323 663 413 696; x_wconf 80' lang='lat' dir='ltr'>datae</span> <span class='ocrx_word' id='word_1_49' title='bbox 437 663 588 704; x_wconf 80' lang='lat' dir='ltr'>existunt,</span> <span class='ocrx_word' id='word_1_50' title='bbox 617 660 655 693; x_wconf 91' lang='lat' dir='ltr'>ad</span> <span class='ocrx_word' id='word_1_51' title='bbox 680 659 825 693; x_wconf 83' lang='lat' dir='ltr'>effectum</span> <span class='ocrx_word' id='word_1_52' title='bbox 850 657 1061 702; x_wconf 86' lang='lat' dir='ltr'>praesentium</span> 
     </span>
     <span class='ocr_line' id='line_1_14' title="bbox 324 711 1064 758; baseline -0.009 -8"><span class='ocrx_word' id='word_1_53' title='bbox 324 717 484 750; x_wconf 83' lang='lat' dir='ltr'>dumtaxat</span> <span class='ocrx_word' id='word_1_54' title='bbox 501 713 765 758; x_wconf 84' lang='lat' dir='ltr'>consequendum,</span> <span class='ocrx_word' id='word_1_55' title='bbox 783 713 896 745; x_wconf 87' lang='lat' dir='ltr'>harum</span> <span class='ocrx_word' id='word_1_56' title='bbox 915 711 995 744; x_wconf 87' lang='lat' dir='ltr'>serie</span> <span class='ocrx_word' id='word_1_57' title='bbox 1012 711 1064 743; x_wconf 86' lang='lat' dir='ltr'>ab·</span> 
     </span>
     <span class='ocr_line' id='line_1_15' title="bbox 324 767 1064 808; baseline -0.008 -5"><span class='ocrx_word' id='word_1_58' title='bbox 324 771 478 804; x_wconf 88' lang='lat' dir='ltr'>solventes</span> <span class='ocrx_word' id='word_1_59' title='bbox 498 773 528 802; x_wconf 85' lang='lat' dir='ltr'>et</span> <span class='ocrx_word' id='word_1_60' title='bbox 544 768 704 801; x_wconf 86' lang='lat' dir='ltr'>absolutas</span> <span class='ocrx_word' id='word_1_61' title='bbox 724 767 790 800; x_wconf 88' lang='lat' dir='ltr'>sore</span> <span class='ocrx_word' id='word_1_62' title='bbox 806 770 978 806; x_wconf 48' lang='lat' dir='ltr'>censentes</span> <span class='ocrx_word' id='word_1_63' title='bbox 995 775 1064 808; x_wconf 94' lang='lat' dir='ltr'>sup-</span> 
     </span>
     <span class='ocr_line' id='line_1_16' title="bbox 323 820 1063 867; baseline -0.005 -11"><span class='ocrx_word' id='word_1_64' title='bbox 323 822 542 867; x_wconf 88' lang='lat' dir='ltr'>plicationibus</span> <span class='ocrx_word' id='word_1_65' title='bbox 566 822 693 855; x_wconf 88' lang='lat' dir='ltr'>illorum</span> <span class='ocrx_word' id='word_1_66' title='bbox 713 821 841 854; x_wconf 89' lang='lat' dir='ltr'>nomine</span> <span class='ocrx_word' id='word_1_67' title='bbox 858 820 949 854; x_wconf 88' lang='lat' dir='ltr'>nobis</span> <span class='ocrx_word' id='word_1_68' title='bbox 969 829 1063 863; x_wconf 87' lang='lat' dir='ltr'>super</span> 
     </span>
     <span class='ocr_line' id='line_1_17' title="bbox 322 873 1064 920; baseline -0.007 -10"><span class='ocrx_word' id='word_1_69' title='bbox 322 878 382 910; x_wconf 90' lang='lat' dir='ltr'>hoc</span> <span class='ocrx_word' id='word_1_70' title='bbox 405 876 566 909; x_wconf 87' lang='lat' dir='ltr'>humiliter</span> <span class='ocrx_word' id='word_1_71' title='bbox 593 875 748 920; x_wconf 82' lang='lat' dir='ltr'>porrectis</span> <span class='ocrx_word' id='word_1_72' title='bbox 773 874 929 915; x_wconf 88' lang='lat' dir='ltr'>inclinati,</span> <span class='ocrx_word' id='word_1_73' title='bbox 955 873 993 906; x_wconf 87' lang='lat' dir='ltr'>de</span> <span class='ocrx_word' id='word_1_74' title='bbox 1016 883 1064 905; x_wconf 79' lang='lat' dir='ltr'>ve-</span> 
     </span>
     <span class='ocr_line' id='line_1_18' title="bbox 320 926 1061 963; baseline -0.005 -1"><span class='ocrx_word' id='word_1_75' title='bbox 320 929 509 963; x_wconf 89' lang='lat' dir='ltr'>nerabilium</span> <span class='ocrx_word' id='word_1_76' title='bbox 538 929 671 962; x_wconf 85' lang='lat' dir='ltr'>fratrum</span> <span class='ocrx_word' id='word_1_77' title='bbox 707 933 890 962; x_wconf 88' lang='lat' dir='ltr'>nostrorum</span> <span class='ocrx_word' id='word_1_78' title='bbox 915 927 943 960; x_wconf 88' lang='lat' dir='ltr'>S.</span> <span class='ocrx_word' id='word_1_79' title='bbox 969 927 1004 959; x_wconf 80' lang='lat' dir='ltr'>R.</span> <span class='ocrx_word' id='word_1_80' title='bbox 1029 926 1061 959; x_wconf 88' lang='lat' dir='ltr'>E.</span> 
     </span>
     <span class='ocr_line' id='line_1_19' title="bbox 322 981 1064 1025; baseline -0.003 -10"><span class='ocrx_word' id='word_1_81' title='bbox 322 982 526 1016; x_wconf 83' lang='lat' dir='ltr'>cardinalium</span> <span class='ocrx_word' id='word_1_82' title='bbox 551 982 687 1025; x_wconf 83' lang='lat' dir='ltr'>negotiis</span> <span class='ocrx_word' id='word_1_83' title='bbox 716 981 910 1024; x_wconf 79' lang='lat' dir='ltr'>regularium</span> <span class='ocrx_word' id='word_1_84' title='bbox 935 990 1064 1024; x_wconf 90' lang='lat' dir='ltr'>praepo-</span> 
     </span>
     <span class='ocr_line' id='line_1_20' title="bbox 322 1034 1064 1078; baseline -0.004 -9"><span class='ocrx_word' id='word_1_85' title='bbox 322 1036 455 1069; x_wconf 89' lang='lat' dir='ltr'>sitorum</span> <span class='ocrx_word' id='word_1_86' title='bbox 480 1036 621 1076; x_wconf 87' lang='lat' dir='ltr'>consilio,</span> <span class='ocrx_word' id='word_1_87' title='bbox 646 1035 772 1068; x_wconf 88' lang='lat' dir='ltr'>decreta</span> <span class='ocrx_word' id='word_1_88' title='bbox 796 1035 826 1067; x_wconf 91' lang='lat' dir='ltr'>in</span> <span class='ocrx_word' id='word_1_89' title='bbox 852 1034 997 1078; x_wconf 89' lang='lat' dir='ltr'>capitulis</span> <span class='ocrx_word' id='word_1_90' title='bbox 1014 1043 1064 1076; x_wconf 85' lang='lat' dir='ltr'>ge-</span> 
     </span>
     <span class='ocr_line' id='line_1_21' title="bbox 322 1087 1062 1134; baseline -0.005 -10"><span class='ocrx_word' id='word_1_91' title='bbox 322 1091 493 1134; x_wconf 87' lang='lat' dir='ltr'>neralibus,</span> <span class='ocrx_word' id='word_1_92' title='bbox 514 1096 548 1123; x_wconf 91' lang='lat' dir='ltr'>ut</span> <span class='ocrx_word' id='word_1_93' title='bbox 570 1090 764 1134; x_wconf 81' lang='lat' dir='ltr'>praefertur,</span> <span class='ocrx_word' id='word_1_94' title='bbox 786 1089 867 1122; x_wconf 87' lang='lat' dir='ltr'>edita</span> <span class='ocrx_word' id='word_1_95' title='bbox 892 1093 923 1121; x_wconf 86' lang='lat' dir='ltr'>et</span> <span class='ocrx_word' id='word_1_96' title='bbox 947 1087 1062 1121; x_wconf 86' lang='lat' dir='ltr'>confir-</span> 
     </span>
     <span class='ocr_line' id='line_1_22' title="bbox 323 1144 1063 1188; baseline -0.001 -12"><span class='ocrx_word' id='word_1_97' title='bbox 323 1148 415 1185; x_wconf 89' lang='lat' dir='ltr'>mata,</span> <span class='ocrx_word' id='word_1_98' title='bbox 436 1145 607 1188; x_wconf 80' lang='lat' dir='ltr'>apostolica</span> <span class='ocrx_word' id='word_1_99' title='bbox 623 1144 818 1184; x_wconf 85' lang='lat' dir='ltr'>auctoritate,</span> <span class='ocrx_word' id='word_1_100' title='bbox 844 1148 952 1176; x_wconf 86' lang='lat' dir='ltr'>tenore</span> <span class='ocrx_word' id='word_1_101' title='bbox 973 1152 1063 1186; x_wconf 90' lang='lat' dir='ltr'>prae-</span> 
     </span>
     <span class='ocr_line' id='line_1_23' title="bbox 323 1196 1061 1242; baseline -0.005 -11"><span class='ocrx_word' id='word_1_102' title='bbox 323 1199 480 1239; x_wconf 89' lang='lat' dir='ltr'>sentium,</span> <span class='ocrx_word' id='word_1_103' title='bbox 504 1197 717 1242; x_wconf 86' lang='lat' dir='ltr'>approbamus</span> <span class='ocrx_word' id='word_1_104' title='bbox 753 1202 782 1230; x_wconf 94' lang='lat' dir='ltr'>et</span> <span class='ocrx_word' id='word_1_105' title='bbox 818 1196 1061 1237; x_wconf 84' lang='lat' dir='ltr'>confirmamus,</span> 
     </span>
     <span class='ocr_line' id='line_1_24' title="bbox 323 1248 1063 1295; baseline -0.004 -11"><span class='ocrx_word' id='word_1_106' title='bbox 323 1251 446 1295; x_wconf 88' lang='lat' dir='ltr'>illisque</span> <span class='ocrx_word' id='word_1_107' title='bbox 474 1250 663 1284; x_wconf 85' lang='lat' dir='ltr'>inviolabilis</span> <span class='ocrx_word' id='word_1_108' title='bbox 687 1250 878 1294; x_wconf 89' lang='lat' dir='ltr'>apostolicae</span> <span class='ocrx_word' id='word_1_109' title='bbox 905 1248 1063 1282; x_wconf 85' lang='lat' dir='ltr'>firmitatis</span> 
     </span>
     <span class='ocr_line' id='line_1_25' title="bbox 322 1303 1063 1346; baseline -0.003 -7"><span class='ocrx_word' id='word_1_110' title='bbox 322 1305 422 1339; x_wconf 89' lang='lat' dir='ltr'>robur</span> <span class='ocrx_word' id='word_1_111' title='bbox 445 1305 629 1346; x_wconf 88' lang='lat' dir='ltr'>adiicimus,</span> <span class='ocrx_word' id='word_1_112' title='bbox 655 1315 690 1337; x_wconf 92' lang='lat' dir='ltr'>ac</span> <span class='ocrx_word' id='word_1_113' title='bbox 722 1315 831 1337; x_wconf 89' lang='lat' dir='ltr'>omnes</span> <span class='ocrx_word' id='word_1_114' title='bbox 861 1309 891 1337; x_wconf 89' lang='lat' dir='ltr'>ct</span> <span class='ocrx_word' id='word_1_115' title='bbox 923 1303 1063 1346; x_wconf 81' lang='lat' dir='ltr'>singulos</span> 
     </span>
     <span class='ocr_line' id='line_1_26' title="bbox 324 1358 1065 1402; baseline -0.003 -10"><span class='ocrx_word' id='word_1_116' title='bbox 324 1364 386 1392; x_wconf 87' lang='lat' dir='ltr'>tam</span> <span class='ocrx_word' id='word_1_117' title='bbox 411 1359 488 1392; x_wconf 83' lang='lat' dir='ltr'>iuris</span> <span class='ocrx_word' id='word_1_118' title='bbox 508 1369 601 1402; x_wconf 85' lang='lat' dir='ltr'>quam</span> <span class='ocrx_word' id='word_1_119' title='bbox 626 1358 698 1391; x_wconf 85' lang='lat' dir='ltr'>sacti</span> <span class='ocrx_word' id='word_1_120' title='bbox 722 1358 872 1398; x_wconf 89' lang='lat' dir='ltr'>desectus,</span> <span class='ocrx_word' id='word_1_121' title='bbox 890 1358 915 1391; x_wconf 90' lang='lat' dir='ltr'>si</span> <span class='ocrx_word' id='word_1_122' title='bbox 936 1358 989 1402; x_wconf 89' lang='lat' dir='ltr'>qui</span> <span class='ocrx_word' id='word_1_123' title='bbox 1014 1358 1065 1391; x_wconf 90' lang='lat' dir='ltr'>de-</span> 
     </span>
     <span class='ocr_line' id='line_1_27' title="bbox 324 1412 1060 1457; baseline -0.003 -11"><span class='ocrx_word' id='word_1_124' title='bbox 324 1424 420 1457; x_wconf 90' lang='lat' dir='ltr'>super</span> <span class='ocrx_word' id='word_1_125' title='bbox 443 1412 681 1457; x_wconf 83' lang='lat' dir='ltr'>quomodolibet</span> <span class='ocrx_word' id='word_1_126' title='bbox 713 1412 959 1453; x_wconf 79' lang='lat' dir='ltr'>intervenerint,</span> <span class='ocrx_word' id='word_1_127' title='bbox 984 1422 1060 1456; x_wconf 88' lang='lat' dir='ltr'>sup-</span> 
     </span>
     <span class='ocr_line' id='line_1_28' title="bbox 323 1460 981 1511; baseline -0.002 -12"><span class='ocrx_word' id='word_1_128' title='bbox 323 1467 455 1511; x_wconf 89' lang='lat' dir='ltr'>plemus.</span> <span class='ocrx_word' id='word_1_129' title='bbox 974 1460 981 1473; x_wconf 89' lang='grc'><strong>’</strong></span> 
     </span>
    </p>

    <p class='ocr_par' dir='ltr' id='par_1_6' title="bbox 323 1520 1067 2150">
     <span class='ocr_line' id='line_1_29' title="bbox 369 1520 1064 1564; baseline -0.001 -11"><span class='ocrx_word' id='word_1_130' title='bbox 369 1521 384 1564; x_wconf 63' lang='grc' dir='ltr'><strong>ξ</strong></span> <span class='ocrx_word' id='word_1_131' title='bbox 404 1521 433 1554; x_wconf 77' lang='lat'>6.</span> <span class='ocrx_word' id='word_1_132' title='bbox 452 1521 670 1562; x_wconf 89' lang='lat' dir='ltr'>Decernentes,</span> <span class='ocrx_word' id='word_1_133' title='bbox 688 1520 796 1553; x_wconf 89' lang='lat' dir='ltr'>eadem</span> <span class='ocrx_word' id='word_1_134' title='bbox 813 1520 939 1553; x_wconf 87' lang='lat' dir='ltr'>decreta</span> <span class='ocrx_word' id='word_1_135' title='bbox 954 1520 1064 1559; x_wconf 82' lang='lat' dir='ltr'>valida⁷</span> 
     </span>
     <span class='ocr_line' id='line_1_30' title="bbox 324 1573 1063 1615; baseline -0.003 -9"><span class='ocrx_word' id='word_1_136' title='bbox 324 1574 415 1606; x_wconf 85' lang='lat' dir='ltr'>firma</span> <span class='ocrx_word' id='word_1_137' title='bbox 441 1578 471 1606; x_wconf 88' lang='lat' dir='ltr'>et</span> <span class='ocrx_word' id='word_1_138' title='bbox 495 1573 633 1606; x_wconf 83' lang='lat' dir='ltr'>efficacia</span> <span class='ocrx_word' id='word_1_139' title='bbox 661 1584 729 1606; x_wconf 88' lang='lat' dir='ltr'>esse</span> <span class='ocrx_word' id='word_1_140' title='bbox 759 1578 789 1605; x_wconf 87' lang='lat' dir='ltr'>et</span> <span class='ocrx_word' id='word_1_141' title='bbox 814 1573 900 1612; x_wconf 88' lang='lat' dir='ltr'>sore,</span> <span class='ocrx_word' id='word_1_142' title='bbox 928 1583 1063 1615; x_wconf 90' lang='lat' dir='ltr'>suosque.</span> 
     </span>
     <span class='ocr_line' id='line_1_31' title="bbox 323 1625 1067 1671; baseline -0.003 -12"><span class='ocrx_word' id='word_1_143' title='bbox 323 1627 481 1671; x_wconf 88' lang='lat' dir='ltr'>plenarios</span> <span class='ocrx_word' id='word_1_144' title='bbox 499 1632 527 1659; x_wconf 90' lang='lat' dir='ltr'>et</span> <span class='ocrx_word' id='word_1_145' title='bbox 545 1627 684 1669; x_wconf 82' lang='lat' dir='ltr'>integros</span> <span class='ocrx_word' id='word_1_146' title='bbox 700 1626 829 1659; x_wconf 78' lang='lat' dir='ltr'>effectus</span> <span class='ocrx_word' id='word_1_147' title='bbox 846 1625 951 1658; x_wconf 86' lang='lat' dir='ltr'>sortiri</span> <span class='ocrx_word' id='word_1_148' title='bbox 969 1630 998 1659; x_wconf 85' lang='lat' dir='ltr'>et</span> <span class='ocrx_word' id='word_1_149' title='bbox 1015 1625 1067 1658; x_wconf 87' lang='lat' dir='ltr'>ob-</span> 
     </span>
     <span class='ocr_line' id='line_1_32' title="bbox 324 1679 1065 1722; baseline -0.004 -9"><span class='ocrx_word' id='word_1_150' title='bbox 324 1680 431 1722; x_wconf 87' lang='lat' dir='ltr'>tinere,</span> <span class='ocrx_word' id='word_1_151' title='bbox 453 1690 488 1713; x_wconf 91' lang='lat' dir='ltr'>ac</span> <span class='ocrx_word' id='word_1_152' title='bbox 508 1679 547 1712; x_wconf 88' lang='lat' dir='ltr'>ab</span> <span class='ocrx_word' id='word_1_153' title='bbox 572 1679 728 1719; x_wconf 86' lang='lat' dir='ltr'>omnibus,</span> <span class='ocrx_word' id='word_1_154' title='bbox 749 1679 786 1711; x_wconf 88' lang='lat' dir='ltr'>ad</span> <span class='ocrx_word' id='word_1_155' title='bbox 804 1689 883 1722; x_wconf 87' lang='lat' dir='ltr'>quos</span> <span class='ocrx_word' id='word_1_156' title='bbox 900 1682 1019 1722; x_wconf 83' lang='lat' dir='ltr'>spectat</span> <span class='ocrx_word' id='word_1_157' title='bbox 1036 1683 1065 1711; x_wconf 88' lang='lat' dir='ltr'>et</span> 
     </span>
     <span class='ocr_line' id='line_1_33' title="bbox 324 1732 1066 1777; baseline -0.003 -11"><span class='ocrx_word' id='word_1_158' title='bbox 324 1734 355 1766; x_wconf 91' lang='lat' dir='ltr'>in</span> <span class='ocrx_word' id='word_1_159' title='bbox 380 1734 521 1766; x_wconf 86' lang='lat' dir='ltr'>futurum</span> <span class='ocrx_word' id='word_1_160' title='bbox 545 1734 708 1777; x_wconf 81' lang='lat' dir='ltr'>spectabit,</span> <span class='ocrx_word' id='word_1_161' title='bbox 726 1732 860 1765; x_wconf 86' lang='lat' dir='ltr'>firmiter</span> <span class='ocrx_word' id='word_1_162' title='bbox 884 1737 914 1765; x_wconf 86' lang='lat' dir='ltr'>et</span> <span class='ocrx_word' id='word_1_163' title='bbox 938 1732 1066 1765; x_wconf 77' lang='lat' dir='ltr'>inviola-</span> 
     </span>
     <span class='ocr_line' id='line_1_34' title="bbox 323 1786 1066 1830; baseline -0.001 -10"><span class='ocrx_word' id='word_1_164' title='bbox 323 1787 429 1820; x_wconf 88' lang='lat' dir='ltr'>biliter</span> <span class='ocrx_word' id='word_1_165' title='bbox 452 1787 612 1820; x_wconf 81' lang='lat' dir='ltr'>observari</span> <span class='ocrx_word' id='word_1_166' title='bbox 637 1791 667 1820; x_wconf 88' lang='lat' dir='ltr'>et</span> <span class='ocrx_word' id='word_1_167' title='bbox 690 1786 874 1829; x_wconf 87' lang='lat' dir='ltr'>adimpleri,</span> <span class='ocrx_word' id='word_1_168' title='bbox 899 1791 993 1830; x_wconf 85' lang='lat' dir='ltr'>atque</span> <span class='ocrx_word' id='word_1_169' title='bbox 1018 1797 1066 1819; x_wconf 87' lang='lat' dir='ltr'>se-</span> 
     </span>
     <span class='ocr_line' id='line_1_35' title="bbox 326 1839 1067 1884; baseline -0.001 -11"><span class='ocrx_word' id='word_1_170' title='bbox 326 1839 480 1874; x_wconf 87' lang='lat' dir='ltr'>cundum¹</span> <span class='ocrx_word' id='word_1_171' title='bbox 495 1851 530 1873; x_wconf 91' lang='lat' dir='ltr'>ea</span> <span class='ocrx_word' id='word_1_172' title='bbox 545 1850 602 1884; x_wconf 90' lang='lat' dir='ltr'>per</span> <span class='ocrx_word' id='word_1_173' title='bbox 618 1850 833 1884; x_wconf 87' lang='lat' dir='ltr'>quoscumque</span> <span class='ocrx_word' id='word_1_174' title='bbox 850 1839 968 1873; x_wconf 88' lang='lat' dir='ltr'>iudices</span> <span class='ocrx_word' id='word_1_175' title='bbox 986 1840 1067 1873; x_wconf 86' lang='lat' dir='ltr'>ordi-</span> 
     </span>
     <span class='ocr_line' id='line_1_36' title="bbox 325 1894 1067 1937; baseline 0 -11"><span class='ocrx_word' id='word_1_176' title='bbox 325 1894 431 1927; x_wconf 85' lang='lat' dir='ltr'>narios</span> <span class='ocrx_word' id='word_1_177' title='bbox 450 1898 480 1928; x_wconf 88' lang='lat' dir='ltr'>et</span> <span class='ocrx_word' id='word_1_178' title='bbox 499 1894 667 1937; x_wconf 81' lang='lat' dir='ltr'>delegatos,</span> <span class='ocrx_word' id='word_1_179' title='bbox 685 1894 779 1927; x_wconf 88' lang='lat' dir='ltr'>etiam</span> <span class='ocrx_word' id='word_1_180' title='bbox 800 1904 965 1927; x_wconf 87' lang='lat' dir='ltr'>causarum</span> <span class='ocrx_word' id='word_1_181' title='bbox 986 1894 1067 1937; x_wconf 89' lang='lat' dir='ltr'>pala-</span> 
     </span>
     <span class='ocr_line' id='line_1_37' title="bbox 326 1947 1065 1991; baseline 0 -12"><span class='ocrx_word' id='word_1_182' title='bbox 326 1947 360 1979; x_wconf 90' lang='lat' dir='ltr'>tii</span> <span class='ocrx_word' id='word_1_183' title='bbox 377 1947 537 1991; x_wconf 87' lang='lat' dir='ltr'>apostolici</span> <span class='ocrx_word' id='word_1_184' title='bbox 558 1947 727 1990; x_wconf 85' lang='lat' dir='ltr'>auditores,</span> <span class='ocrx_word' id='word_1_185' title='bbox 745 1947 877 1980; x_wconf 85' lang='lat' dir='ltr'>iudicari</span> <span class='ocrx_word' id='word_1_186' title='bbox 895 1952 925 1980; x_wconf 90' lang='lat' dir='ltr'>et</span> <span class='ocrx_word' id='word_1_187' title='bbox 941 1947 1065 1980; x_wconf 79' lang='lat' dir='ltr'>deliniri</span> 
     </span>
     <span class='ocr_line' id='line_1_38' title="bbox 325 2000 1066 2044; baseline 0 -11"><span class='ocrx_word' id='word_1_188' title='bbox 325 2000 449 2043; x_wconf 89' lang='lat' dir='ltr'>debere,</span> <span class='ocrx_word' id='word_1_189' title='bbox 467 2011 503 2034; x_wconf 87' lang='lat' dir='ltr'>ac</span> <span class='ocrx_word' id='word_1_190' title='bbox 521 2000 644 2033; x_wconf 88' lang='lat' dir='ltr'>irritum</span> <span class='ocrx_word' id='word_1_191' title='bbox 663 2005 692 2033; x_wconf 90' lang='lat' dir='ltr'>et</span> <span class='ocrx_word' id='word_1_192' title='bbox 712 2001 802 2033; x_wconf 90' lang='lat' dir='ltr'>inane</span> <span class='ocrx_word' id='word_1_193' title='bbox 819 2000 844 2033; x_wconf 88' lang='lat' dir='ltr'>si</span> <span class='ocrx_word' id='word_1_194' title='bbox 861 2011 951 2033; x_wconf 88' lang='lat' dir='ltr'>secus</span> <span class='ocrx_word' id='word_1_195' title='bbox 970 2011 1066 2044; x_wconf 86' lang='lat' dir='ltr'>super</span> 
     </span>
     <span class='ocr_line' id='line_1_39' title="bbox 325 2053 1067 2098; baseline 0 -12"><span class='ocrx_word' id='word_1_196' title='bbox 325 2053 374 2087; x_wconf 92' lang='lat' dir='ltr'>his</span> <span class='ocrx_word' id='word_1_197' title='bbox 394 2065 411 2086; x_wconf 92' lang='lat' dir='ltr'>a</span> <span class='ocrx_word' id='word_1_198' title='bbox 430 2064 599 2098; x_wconf 87' lang='lat' dir='ltr'>quoquam,</span> <span class='ocrx_word' id='word_1_199' title='bbox 619 2055 728 2098; x_wconf 79' lang='lat' dir='ltr'>quavis</span> <span class='ocrx_word' id='word_1_200' title='bbox 751 2054 947 2095; x_wconf 86' lang='lat' dir='ltr'>auctoritate,</span> <span class='ocrx_word' id='word_1_201' title='bbox 968 2054 1067 2087; x_wconf 88' lang='lat' dir='ltr'>scien-</span> 
     </span>
     <span class='ocr_line' id='line_1_40' title="bbox 325 2107 1010 2150; baseline 0.001 -11"><span class='ocrx_word' id='word_1_202' title='bbox 325 2112 373 2140; x_wconf 87' lang='lat' dir='ltr'>ter</span> <span class='ocrx_word' id='word_1_203' title='bbox 391 2107 438 2140; x_wconf 73' lang='lat' dir='ltr'>vel</span> <span class='ocrx_word' id='word_1_204' title='bbox 459 2107 651 2150; x_wconf 74' lang='lat' dir='ltr'>ignoranter,</span> <span class='ocrx_word' id='word_1_205' title='bbox 673 2108 839 2150; x_wconf 88' lang='lat' dir='ltr'>contigerit</span> <span class='ocrx_word' id='word_1_206' title='bbox 855 2108 1010 2140; x_wconf 84' lang='lat' dir='ltr'>attentari.</span> 
     </span>
    </p>

    <p class='ocr_par' dir='ltr' id='par_1_7' title="bbox 327 2161 1067 2365">
     <span class='ocr_line' id='line_1_41' title="bbox 371 2161 1067 2205; baseline -0.001 -10"><span class='ocrx_word' id='word_1_207' title='bbox 371 2161 385 2205; x_wconf 67' lang='grc' dir='ltr'><strong>ἓ</strong></span> <span class='ocrx_word' id='word_1_208' title='bbox 400 2162 427 2195; x_wconf 87' lang='grc'>7.</span> <span class='ocrx_word' id='word_1_209' title='bbox 445 2162 514 2195; x_wconf 91' lang='lat' dir='ltr'>Non</span> <span class='ocrx_word' id='word_1_210' title='bbox 530 2161 725 2195; x_wconf 82' lang='lat' dir='ltr'>obstantibus</span> <span class='ocrx_word' id='word_1_211' title='bbox 741 2161 933 2205; x_wconf 85' lang='lat' dir='ltr'>praemissis,</span> <span class='ocrx_word' id='word_1_212' title='bbox 951 2172 986 2194; x_wconf 91' lang='lat' dir='ltr'>ac</span> <span class='ocrx_word' id='word_1_213' title='bbox 1004 2172 1067 2194; x_wconf 90' lang='lat' dir='ltr'>om-</span> 
     </span>
     <span class='ocr_line' id='line_1_42' title="bbox 327 2214 1066 2259; baseline 0 -12"><span class='ocrx_word' id='word_1_214' title='bbox 327 2214 418 2248; x_wconf 88' lang='lat' dir='ltr'>nibus</span> <span class='ocrx_word' id='word_1_215' title='bbox 441 2215 511 2256; x_wconf 92' lang='lat' dir='ltr'>illis,</span> <span class='ocrx_word' id='word_1_216' title='bbox 529 2226 608 2259; x_wconf 88' lang='lat' dir='ltr'>quae</span> <span class='ocrx_word' id='word_1_217' title='bbox 628 2216 660 2248; x_wconf 89' lang='lat' dir='ltr'>in</span> <span class='ocrx_word' id='word_1_218' title='bbox 676 2215 766 2248; x_wconf 89' lang='lat' dir='ltr'>dictis</span> <span class='ocrx_word' id='word_1_219' title='bbox 790 2215 901 2248; x_wconf 87' lang='lat' dir='ltr'>litteris</span> <span class='ocrx_word' id='word_1_220' title='bbox 919 2226 1066 2249; x_wconf 87' lang='lat' dir='ltr'>concessa</span> 
     </span>
     <span class='ocr_line' id='line_1_43' title="bbox 329 2268 1066 2313; baseline 0 -12"><span class='ocrx_word' id='word_1_221' title='bbox 329 2271 399 2301; x_wconf 88' lang='lat' dir='ltr'>sunt</span> <span class='ocrx_word' id='word_1_222' title='bbox 424 2278 487 2301; x_wconf 93' lang='lat' dir='ltr'>non</span> <span class='ocrx_word' id='word_1_223' title='bbox 518 2269 662 2311; x_wconf 89' lang='lat' dir='ltr'>obstare⁷</span> <span class='ocrx_word' id='word_1_224' title='bbox 693 2268 867 2313; x_wconf 87' lang='lat' dir='ltr'>ceterisque</span> <span class='ocrx_word' id='word_1_225' title='bbox 900 2269 1066 2302; x_wconf 84' lang='lat' dir='ltr'>contrariis</span> 
     </span>
     <span class='ocr_line' id='line_1_44' title="bbox 328 2321 588 2365; baseline 0.008 -12"><span class='ocrx_word' id='word_1_226' title='bbox 328 2321 588 2365; x_wconf 88' lang='lat' dir='ltr'>quibuscumque.</span> 
     </span>
    </p>

    <p class='ocr_par' dir='ltr' id='par_1_8' title="bbox 327 2375 1066 2526">
     <span class='ocr_line' id='line_1_45' title="bbox 372 2375 1064 2420; baseline 0.001 -12"><span class='ocrx_word' id='word_1_227' title='bbox 372 2375 482 2408; x_wconf 82' lang='lat' dir='ltr'>Datum</span> <span class='ocrx_word' id='word_1_228' title='bbox 491 2376 617 2417; x_wconf 85' lang='lat' dir='ltr'>Romae,</span> <span class='ocrx_word' id='word_1_229' title='bbox 631 2376 713 2420; x_wconf 89' lang='lat' dir='ltr'>apud</span> <span class='ocrx_word' id='word_1_230' title='bbox 725 2376 754 2409; x_wconf 92' lang='lat' dir='ltr'>S.</span> <span class='ocrx_word' id='word_1_231' title='bbox 765 2376 893 2410; x_wconf 88' lang='lat' dir='ltr'>Mariam</span> <span class='ocrx_word' id='word_1_232' title='bbox 906 2376 1064 2419; x_wconf 84' lang='lat' dir='ltr'>Maiorem,</span> 
     </span>
     <span class='ocr_line' id='line_1_46' title="bbox 328 2428 1066 2474; baseline 0.003 -13"><span class='ocrx_word' id='word_1_233' title='bbox 328 2428 386 2461; x_wconf 91' lang='lat' dir='ltr'>sub</span> <span class='ocrx_word' id='word_1_234' title='bbox 419 2429 534 2462; x_wconf 87' lang='lat' dir='ltr'>annulo</span> <span class='ocrx_word' id='word_1_235' title='bbox 562 2429 745 2471; x_wconf 79' lang='lat' dir='ltr'>piscatoris,</span> <span class='ocrx_word' id='word_1_236' title='bbox 774 2430 824 2463; x_wconf 90' lang='lat' dir='ltr'>die</span> <span class='ocrx_word' id='word_1_237' title='bbox 852 2440 914 2464; x_wconf 81' lang='lat' dir='ltr'>xxx</span> <span class='ocrx_word' id='word_1_238' title='bbox 942 2430 1066 2474; x_wconf 80' lang='lat' dir='ltr'>augusti</span> 
     </span>
     <span class='ocr_line' id='line_1_47' title="bbox 327 2483 977 2526; baseline 0.005 -11"><span class='ocrx_word' id='word_1_239' title='bbox 327 2492 479 2523; x_wconf 81' lang='lat' dir='ltr'>iuncxxvt,</span> <span class='ocrx_word' id='word_1_240' title='bbox 499 2483 698 2526; x_wconf 82' lang='lat' dir='ltr'>pontificatus</span> <span class='ocrx_word' id='word_1_241' title='bbox 714 2484 814 2518; x_wconf 89' lang='lat' dir='ltr'>nostri</span> <span class='ocrx_word' id='word_1_242' title='bbox 838 2494 919 2518; x_wconf 89' lang='lat' dir='ltr'>anno</span> <span class='ocrx_word' id='word_1_243' title='bbox 935 2495 977 2518; x_wconf 92' lang='lat' dir='ltr'>1v.</span> 
     </span>
    </p>
   </div>
   <div class='ocr_carea' id='block_1_6' title="bbox 364 2545 993 2584">
    <p class='ocr_par' dir='ltr' id='par_1_9' title="bbox 364 2545 993 2584">
     <span class='ocr_line' id='line_1_48' title="bbox 364 2545 993 2584; baseline 0.006 -12"><span class='ocrx_word' id='word_1_244' title='bbox 364 2545 422 2572; x_wconf 86' lang='lat' dir='ltr'>Dat.</span> <span class='ocrx_word' id='word_1_245' title='bbox 437 2545 480 2573; x_wconf 87' lang='lat' dir='ltr'>die</span> <span class='ocrx_word' id='word_1_246' title='bbox 495 2546 530 2574; x_wconf 88' lang='lat'>30</span> <span class='ocrx_word' id='word_1_247' title='bbox 543 2546 649 2582; x_wconf 82' lang='lat' dir='ltr'>augusti</span> <span class='ocrx_word' id='word_1_248' title='bbox 666 2548 743 2583; x_wconf 74' lang='lat'>1626,</span> <span class='ocrx_word' id='word_1_249' title='bbox 759 2548 853 2584; x_wconf 79' lang='lat' dir='ltr'>pontif.</span> <span class='ocrx_word' id='word_1_250' title='bbox 870 2555 939 2576; x_wconf 82' lang='lat' dir='ltr'>anno</span> <span class='ocrx_word' id='word_1_251' title='bbox 955 2554 993 2576; x_wconf 70' lang='lat' dir='ltr'>tr.</span> 
     </span>
    </p>
   </div>
   <div class='ocr_carea' id='block_1_7' title="bbox 365 2643 982 2681">
    <p class='ocr_par' dir='ltr' id='par_1_10' title="bbox 365 2643 982 2681">
     <span class='ocr_line' id='line_1_49' title="bbox 365 2643 982 2681; baseline 0 -10"><span class='ocrx_word' id='word_1_252' title='bbox 365 2645 377 2671; x_wconf 75' lang='lat'><strong>1</strong></span> <span class='ocrx_word' id='word_1_253' title='bbox 394 2643 494 2672; x_wconf 87' lang='lat' dir='ltr'>Vocem</span> <span class='ocrx_word' id='word_1_254' title='bbox 508 2644 667 2674; x_wconf 72' lang='lat' dir='ltr'>secuudum</span> <span class='ocrx_word' id='word_1_255' title='bbox 681 2653 729 2675; x_wconf 88' lang='lat' dir='ltr'>nos</span> <span class='ocrx_word' id='word_1_256' title='bbox 743 2645 866 2674; x_wconf 82' lang='lat' dir='ltr'>addimus</span> <span class='ocrx_word' id='word_1_257' title='bbox 880 2646 917 2681; x_wconf 77' lang='lat' dir='ltr'>(n.</span> <span class='ocrx_word' id='word_1_258' title='bbox 934 2645 982 2679; x_wconf 79' lang='grc' dir='ltr'>τ.).</span> 
     </span>
    </p>
   </div>
   <div class='ocr_carea' id='block_1_8' title="bbox 1079 1149 1085 2466">
    <p class='ocr_par' dir='ltr' id='par_1_11' title="bbox 1079 1149 1085 2466">
     <span class='ocr_line' id='line_1_50' title="bbox 1079 1149 1085 2466; baseline 0 0"><span class='ocrx_word' id='word_1_259' title='bbox 1079 1149 1085 2466; x_wconf 95' lang='lat' dir='ltr'> </span> 
     </span>
    </p>
   </div>
   <div class='ocr_carea' id='block_1_9' title="bbox 1417 224 1795 316">
    <p class='ocr_par' dir='ltr' id='par_1_12' title="bbox 1417 224 1795 316">
     <span class='ocr_line' id='line_1_51' title="bbox 1730 224 1795 258; baseline 0 0"><span class='ocrx_word' id='word_1_260' title='bbox 1730 224 1795 258; x_wconf 71' lang='lat'>483</span> 
     </span>
     <span class='ocr_line' id='line_1_52' title="bbox 1417 282 1510 316; baseline -0.011 0"><span class='ocrx_word' id='word_1_261' title='bbox 1417 282 1510 316; x_wconf 84' lang='lat' dir='ltr'>CCXI.</span> 
     </span>
    </p>
   </div>
   <div class='ocr_carea' id='block_1_10' title="bbox 1095 351 1835 609">
    <p class='ocr_par' dir='ltr' id='par_1_13' title="bbox 1095 351 1835 609">
     <span class='ocr_line' id='line_1_53' title="bbox 1095 351 1833 397; baseline -0.001 -11"><span class='ocrx_word' id='word_1_262' title='bbox 1095 354 1291 387; x_wconf 78' lang='lat' dir='ltr'>Mandatum</span> <span class='ocrx_word' id='word_1_263' title='bbox 1318 354 1479 397; x_wconf 76' lang='lat' dir='ltr'>Torquato</span> <span class='ocrx_word' id='word_1_264' title='bbox 1508 353 1545 386; x_wconf 83' lang='lat' dir='ltr'>dc</span> <span class='ocrx_word' id='word_1_265' title='bbox 1571 351 1747 387; x_wconf 72' lang='lat' dir='ltr'>comitibus</span> <span class='ocrx_word' id='word_1_266' title='bbox 1763 379 1770 393; x_wconf 87' lang='lat'>‚</span> <span class='ocrx_word' id='word_1_267' title='bbox 1797 357 1833 385; x_wconf 73' lang='lat' dir='ltr'>ut</span> 
     </span>
     <span class='ocr_line' id='line_1_54' title="bbox 1139 406 1834 450; baseline -0.001 -11"><span class='ocrx_word' id='word_1_268' title='bbox 1139 408 1300 440; x_wconf 75' lang='lat' dir='ltr'>eveniente</span> <span class='ocrx_word' id='word_1_269' title='bbox 1315 407 1489 440; x_wconf 74' lang='lat' dir='ltr'>traditione</span> <span class='ocrx_word' id='word_1_270' title='bbox 1501 406 1748 450; x_wconf 74' lang='lat' dir='ltr'>fortalitiorum,</span> <span class='ocrx_word' id='word_1_271' title='bbox 1760 416 1834 449; x_wconf 76' lang='lat' dir='ltr'>pro-</span> 
     </span>
     <span class='ocr_line' id='line_1_55' title="bbox 1136 460 1835 503; baseline 0 -12"><span class='ocrx_word' id='word_1_272' title='bbox 1136 461 1402 503; x_wconf 70' lang='lat' dir='ltr'>puslnaculorum</span> <span class='ocrx_word' id='word_1_273' title='bbox 1441 465 1469 493; x_wconf 79' lang='lat' dir='ltr'>et</span> <span class='ocrx_word' id='word_1_274' title='bbox 1507 460 1650 493; x_wconf 76' lang='lat' dir='ltr'>aliorum</span> <span class='ocrx_word' id='word_1_275' title='bbox 1693 460 1835 492; x_wconf 75' lang='lat' dir='ltr'>locorum</span> 
     </span>
     <span class='ocr_line' id='line_1_56' title="bbox 1144 512 1834 557; baseline 0 -13"><span class='ocrx_word' id='word_1_276' title='bbox 1144 513 1247 545; x_wconf 76' lang='lat' dir='ltr'>Vallis</span> <span class='ocrx_word' id='word_1_277' title='bbox 1278 512 1433 554; x_wconf 75' lang='lat' dir='ltr'>Tcllinae,</span> <span class='ocrx_word' id='word_1_278' title='bbox 1457 513 1519 546; x_wconf 76' lang='lat' dir='ltr'>itta</span> <span class='ocrx_word' id='word_1_279' title='bbox 1542 514 1677 557; x_wconf 69' lang='lat' dir='ltr'>recipiat</span> <span class='ocrx_word' id='word_1_280' title='bbox 1703 515 1834 546; x_wconf 71' lang='lat' dir='ltr'>nomine</span> 
     </span>
     <span class='ocr_line' id='line_1_57' title="bbox 1139 565 1488 609; baseline 0.003 -11"><span class='ocrx_word' id='word_1_281' title='bbox 1139 565 1229 598; x_wconf 78' lang='lat' dir='ltr'>Sedis</span> <span class='ocrx_word' id='word_1_282' title='bbox 1253 565 1488 609; x_wconf 80' lang='lat' dir='ltr'>Apostolieae¹.</span> 
     </span>
    </p>
   </div>
   <div class='ocr_carea' id='block_1_11' title="bbox 1166 646 1763 726">
    <p class='ocr_par' dir='ltr' id='par_1_14' title="bbox 1166 646 1763 726">
     <span class='ocr_line' id='line_1_58' title="bbox 1166 646 1763 681; baseline 0.002 -8"><span class='ocrx_word' id='word_1_283' title='bbox 1166 646 1280 674; x_wconf 79' lang='lat' dir='ltr'>Dilecto</span> <span class='ocrx_word' id='word_1_284' title='bbox 1309 646 1371 674; x_wconf 89' lang='lat' dir='ltr'>filio</span> <span class='ocrx_word' id='word_1_285' title='bbox 1400 647 1494 674; x_wconf 88' lang='lat' dir='ltr'>nobili</span> <span class='ocrx_word' id='word_1_286' title='bbox 1522 647 1587 674; x_wconf 90' lang='lat' dir='ltr'>viro</span> <span class='ocrx_word' id='word_1_287' title='bbox 1615 648 1763 681; x_wconf 79' lang='lat' dir='ltr'>Torquato</span> 
     </span>
     <span class='ocr_line' id='line_1_59' title="bbox 1212 691 1719 726; baseline 0 -8"><span class='ocrx_word' id='word_1_288' title='bbox 1212 691 1247 718; x_wconf 86' lang='lat' dir='ltr'>de</span> <span class='ocrx_word' id='word_1_289' title='bbox 1264 691 1426 718; x_wconf 82' lang='lat' dir='ltr'>comitibus</span> <span class='ocrx_word' id='word_1_290' title='bbox 1442 691 1511 719; x_wconf 87' lang='lat' dir='ltr'>duci</span> <span class='ocrx_word' id='word_1_291' title='bbox 1527 692 1719 726; x_wconf 76' lang='lat' dir='ltr'>Guadaqnoli,</span> 
     </span>
    </p>
   </div>
   <div class='ocr_carea' id='block_1_12' title="bbox 1293 731 1625 779">
    <p class='ocr_par' dir='ltr' id='par_1_15' title="bbox 1293 731 1625 779">
     <span class='ocr_line' id='line_1_60' title="bbox 1293 731 1625 779; baseline 0 -7"><span class='ocrx_word' id='word_1_292' title='bbox 1293 731 1439 772; x_wconf 73' lang='lat' dir='ltr'>&#39;Urbanus</span> <span class='ocrx_word' id='word_1_293' title='bbox 1454 745 1533 779; x_wconf 85' lang='lat' dir='ltr'>Papa</span> <span class='ocrx_word' id='word_1_294' title='bbox 1547 745 1625 772; x_wconf 91' lang='lat' dir='ltr'><strong>VIII.</strong></span> 
     </span>
    </p>
   </div>
   <div class='ocr_carea' id='block_1_13' title="bbox 1133 807 1799 886">
    <p class='ocr_par' dir='ltr' id='par_1_16' title="bbox 1133 807 1799 886">
     <span class='ocr_line' id='line_1_61' title="bbox 1252 807 1679 841; baseline 0 -7"><span class='ocrx_word' id='word_1_295' title='bbox 1252 807 1365 835; x_wconf 73' lang='lat' dir='ltr'>Dilecta</span> <span class='ocrx_word' id='word_1_296' title='bbox 1394 807 1457 841; x_wconf 87' lang='lat' dir='ltr'>fili,</span> <span class='ocrx_word' id='word_1_297' title='bbox 1478 807 1587 835; x_wconf 88' lang='lat' dir='ltr'>nobilis</span> <span class='ocrx_word' id='word_1_298' title='bbox 1615 807 1679 840; x_wconf 75' lang='lat' dir='ltr'>vir⁷</span> 
     </span>
     <span class='ocr_line' id='line_1_62' title="bbox 1133 851 1799 886; baseline -0.002 -6"><span class='ocrx_word' id='word_1_299' title='bbox 1133 853 1263 880; x_wconf 79' lang='lat' dir='ltr'>salutem</span> <span class='ocrx_word' id='word_1_300' title='bbox 1284 854 1316 879; x_wconf 82' lang='lat' dir='ltr'>et.</span> <span class='ocrx_word' id='word_1_301' title='bbox 1335 852 1532 886; x_wconf 84' lang='lat' dir='ltr'>apostolicam</span> <span class='ocrx_word' id='word_1_302' title='bbox 1551 851 1799 879; x_wconf 77' lang='lat' dir='ltr'>benedictionem.</span> 
     </span>
    </p>
   </div>
   <div class='ocr_carea' id='block_1_14' title="bbox 1095 922 1842 2571">
    <p class='ocr_par' dir='ltr' id='par_1_17' title="bbox 1095 922 1839 1502">
     <span class='ocr_line' id='line_1_63' title="bbox 1141 922 1838 966; baseline -0.001 -11"><span class='ocrx_word' id='word_1_303' title='bbox 1141 924 1155 966; x_wconf 60' lang='grc' dir='ltr'>ξ</span> <span class='ocrx_word' id='word_1_304' title='bbox 1180 923 1209 956; x_wconf 82' lang='lat' dir='ltr'>t.</span> <span class='ocrx_word' id='word_1_305' title='bbox 1235 923 1408 966; x_wconf 81' lang='lat' dir='ltr'>Singularis</span> <span class='ocrx_word' id='word_1_306' title='bbox 1425 922 1515 955; x_wconf 74' lang='lat' dir='ltr'>tuae²</span> <span class='ocrx_word' id='word_1_307' title='bbox 1532 922 1563 955; x_wconf 89' lang='lat' dir='ltr'>in</span> <span class='ocrx_word' id='word_1_308' title='bbox 1583 933 1640 955; x_wconf 88' lang='lat' dir='ltr'>nos</span> <span class='ocrx_word' id='word_1_309' title='bbox 1660 927 1690 955; x_wconf 89' lang='lat' dir='ltr'>et</span> <span class='ocrx_word' id='word_1_310' title='bbox 1710 923 1838 965; x_wconf 82' lang='lat' dir='ltr'>Aposto-</span> 
     </span>
     <span class='ocr_line' id='line_1_64' title="bbox 1096 975 1837 1009; baseline -0.001 -1"><span class='ocrx_word' id='word_1_311' title='bbox 1096 976 1188 1009; x_wconf 86' lang='lat' dir='ltr'>lieam</span> <span class='ocrx_word' id='word_1_312' title='bbox 1213 976 1325 1009; x_wconf 70' lang='lat' dir='ltr'>Sedent</span> <span class='ocrx_word' id='word_1_313' title='bbox 1354 976 1427 1009; x_wconf 86' lang='lat' dir='ltr'>fidei</span> <span class='ocrx_word' id='word_1_314' title='bbox 1456 980 1486 1009; x_wconf 90' lang='lat' dir='ltr'>et</span> <span class='ocrx_word' id='word_1_315' title='bbox 1514 975 1689 1009; x_wconf 83' lang='lat' dir='ltr'>devotionis</span> <span class='ocrx_word' id='word_1_316' title='bbox 1717 975 1837 1008; x_wconf 88' lang='lat' dir='ltr'>meritis</span> 
     </span>
     <span class='ocr_line' id='line_1_65' title="bbox 1096 1029 1836 1073; baseline -0.003 -10"><span class='ocrx_word' id='word_1_317' title='bbox 1096 1029 1221 1072; x_wconf 87' lang='lat' dir='ltr'>generis</span> <span class='ocrx_word' id='word_1_318' title='bbox 1245 1029 1399 1063; x_wconf 89' lang='lat' dir='ltr'>nohilitati</span> <span class='ocrx_word' id='word_1_319' title='bbox 1424 1029 1609 1069; x_wconf 86' lang='lat' dir='ltr'>coniunctis,</span> <span class='ocrx_word' id='word_1_320' title='bbox 1628 1034 1667 1069; x_wconf 87' lang='lat' dir='ltr'>et,</span> <span class='ocrx_word' id='word_1_321' title='bbox 1687 1039 1780 1073; x_wconf 83' lang='lat' dir='ltr'>quani</span> <span class='ocrx_word' id='word_1_322' title='bbox 1806 1029 1836 1061; x_wconf 87' lang='lat' dir='ltr'>in</span> 
     </span>
     <span class='ocr_line' id='line_1_66' title="bbox 1096 1083 1837 1122; baseline -0.003 -5"><span class='ocrx_word' id='word_1_323' title='bbox 1096 1095 1130 1117; x_wconf 89' lang='lat' dir='ltr'>re</span> <span class='ocrx_word' id='word_1_324' title='bbox 1159 1084 1287 1117; x_wconf 89' lang='lat' dir='ltr'>militari</span> <span class='ocrx_word' id='word_1_325' title='bbox 1312 1084 1464 1117; x_wconf 85' lang='lat' dir='ltr'>hactenus</span> <span class='ocrx_word' id='word_1_326' title='bbox 1493 1083 1655 1117; x_wconf 87' lang='lat' dir='ltr'>ostendisti</span> <span class='ocrx_word' id='word_1_327' title='bbox 1671 1110 1678 1122; x_wconf 76' lang='grc'>,</span> <span class='ocrx_word' id='word_1_328' title='bbox 1702 1084 1837 1121; x_wconf 75' lang='lat' dir='ltr'>virtute,</span> 
     </span>
     <span class='ocr_line' id='line_1_67' title="bbox 1096 1136 1838 1179; baseline -0.003 -9"><span class='ocrx_word' id='word_1_329' title='bbox 1096 1137 1224 1170; x_wconf 69' lang='lat' dir='ltr'>solertia</span> <span class='ocrx_word' id='word_1_330' title='bbox 1256 1142 1286 1169; x_wconf 87' lang='lat' dir='ltr'>ct</span> <span class='ocrx_word' id='word_1_331' title='bbox 1314 1136 1496 1170; x_wconf 84' lang='lat' dir='ltr'>fortitudine</span> <span class='ocrx_word' id='word_1_332' title='bbox 1522 1136 1721 1179; x_wconf 78' lang='lat' dir='ltr'>inducimur,</span> <span class='ocrx_word' id='word_1_333' title='bbox 1750 1142 1785 1168; x_wconf 88' lang='lat' dir='ltr'>ut</span> <span class='ocrx_word' id='word_1_334' title='bbox 1808 1141 1838 1169; x_wconf 90' lang='lat' dir='ltr'>te</span> 
     </span>
     <span class='ocr_line' id='line_1_68' title="bbox 1095 1190 1838 1233; baseline -0.001 -10"><span class='ocrx_word' id='word_1_335' title='bbox 1095 1190 1141 1223; x_wconf 87' lang='lat' dir='ltr'>rei</span> <span class='ocrx_word' id='word_1_336' title='bbox 1155 1190 1284 1223; x_wconf 82' lang='lat' dir='ltr'>maximi</span> <span class='ocrx_word' id='word_1_337' title='bbox 1301 1191 1453 1223; x_wconf 87' lang='lat' dir='ltr'>momenti</span> <span class='ocrx_word' id='word_1_338' title='bbox 1469 1190 1743 1230; x_wconf 83' lang='lat' dir='ltr'>administrandae,</span> <span class='ocrx_word' id='word_1_339' title='bbox 1759 1200 1838 1233; x_wconf 87' lang='lat' dir='ltr'>quae</span> 
     </span>
     <span class='ocr_line' id='line_1_69' title="bbox 1097 1244 1839 1288; baseline 0 -12"><span class='ocrx_word' id='word_1_340' title='bbox 1097 1244 1214 1278; x_wconf 90' lang='lat' dir='ltr'>idcirco</span> <span class='ocrx_word' id='word_1_341' title='bbox 1238 1244 1329 1277; x_wconf 86' lang='lat' dir='ltr'>nobis</span> <span class='ocrx_word' id='word_1_342' title='bbox 1345 1254 1544 1288; x_wconf 80' lang='lat' dir='ltr'>summopere</span> <span class='ocrx_word' id='word_1_343' title='bbox 1566 1244 1653 1277; x_wconf 86' lang='lat' dir='ltr'>cordi</span> <span class='ocrx_word' id='word_1_344' title='bbox 1674 1249 1729 1283; x_wconf 88' lang='lat' dir='ltr'>est,</span> <span class='ocrx_word' id='word_1_345' title='bbox 1751 1254 1839 1288; x_wconf 87' lang='lat' dir='ltr'>prae-</span> 
     </span>
     <span class='ocr_line' id='line_1_70' title="bbox 1096 1298 1838 1342; baseline -0.003 -11"><span class='ocrx_word' id='word_1_346' title='bbox 1096 1298 1247 1341; x_wconf 85' lang='lat' dir='ltr'>ficiamus,</span> <span class='ocrx_word' id='word_1_347' title='bbox 1266 1303 1427 1342; x_wconf 89' lang='lat' dir='ltr'>sperantes</span> <span class='ocrx_word' id='word_1_348' title='bbox 1452 1298 1482 1330; x_wconf 89' lang='lat' dir='ltr'>in</span> <span class='ocrx_word' id='word_1_349' title='bbox 1503 1298 1636 1331; x_wconf 90' lang='lat' dir='ltr'>Domino</span> <span class='ocrx_word' id='word_1_350' title='bbox 1661 1299 1737 1338; x_wconf 85' lang='lat' dir='ltr'>t&#39;ore,</span> <span class='ocrx_word' id='word_1_351' title='bbox 1757 1303 1791 1330; x_wconf 88' lang='lat' dir='ltr'>ut</span> <span class='ocrx_word' id='word_1_352' title='bbox 1808 1299 1838 1330; x_wconf 92' lang='lat' dir='ltr'>in</span> 
     </span>
     <span class='ocr_line' id='line_1_71' title="bbox 1097 1351 1839 1395; baseline -0.001 -11"><span class='ocrx_word' id='word_1_353' title='bbox 1097 1351 1250 1384; x_wconf 85' lang='lat' dir='ltr'>mandatis</span> <span class='ocrx_word' id='word_1_354' title='bbox 1267 1352 1382 1385; x_wconf 89' lang='lat' dir='ltr'>nostris</span> <span class='ocrx_word' id='word_1_355' title='bbox 1407 1351 1599 1395; x_wconf 77' lang='lat' dir='ltr'>exequendis</span> <span class='ocrx_word' id='word_1_356' title='bbox 1623 1354 1749 1384; x_wconf 88' lang='lat' dir='ltr'>nostrae</span> <span class='ocrx_word' id='word_1_357' title='bbox 1773 1351 1839 1394; x_wconf 89' lang='lat' dir='ltr'>pri-</span> 
     </span>
     <span class='ocr_line' id='line_1_72' title="bbox 1097 1404 1839 1449; baseline -0.001 -12"><span class='ocrx_word' id='word_1_358' title='bbox 1097 1405 1168 1438; x_wconf 89' lang='lat' dir='ltr'>dem</span> <span class='ocrx_word' id='word_1_359' title='bbox 1193 1405 1231 1438; x_wconf 90' lang='lat' dir='ltr'>de</span> <span class='ocrx_word' id='word_1_360' title='bbox 1256 1410 1285 1438; x_wconf 86' lang='lat' dir='ltr'>te</span> <span class='ocrx_word' id='word_1_361' title='bbox 1309 1410 1480 1449; x_wconf 82' lang='lat' dir='ltr'>conceptae</span> <span class='ocrx_word' id='word_1_362' title='bbox 1511 1404 1651 1449; x_wconf 87' lang='lat' dir='ltr'>opinioni</span> <span class='ocrx_word' id='word_1_363' title='bbox 1682 1404 1839 1437; x_wconf 87' lang='lat' dir='ltr'>cumulate</span> 
     </span>
     <span class='ocr_line' id='line_1_73' title="bbox 1098 1458 1299 1502; baseline -0.005 -11"><span class='ocrx_word' id='word_1_364' title='bbox 1098 1458 1299 1502; x_wconf 89' lang='lat' dir='ltr'>respondeas.</span> 
     </span>
    </p>

    <p class='ocr_par' dir='ltr' id='par_1_18' title="bbox 1099 1511 1842 2571">
     <span class='ocr_line' id='line_1_74' title="bbox 1143 1511 1840 1556; baseline -0.003 -11"><span class='ocrx_word' id='word_1_365' title='bbox 1143 1513 1156 1555; x_wconf 68' lang='grc' dir='ltr'>ξ</span> <span class='ocrx_word' id='word_1_366' title='bbox 1181 1512 1210 1545; x_wconf 67' lang='grc' dir='ltr'>ἰ).</span> <span class='ocrx_word' id='word_1_367' title='bbox 1235 1512 1312 1545; x_wconf 86' lang='lat' dir='ltr'>Cum</span> <span class='ocrx_word' id='word_1_368' title='bbox 1330 1512 1434 1556; x_wconf 84' lang='lat' dir='ltr'>itaque</span> <span class='ocrx_word' id='word_1_369' title='bbox 1451 1513 1526 1545; x_wconf 73' lang='lat' dir='ltr'>alias</span> <span class='ocrx_word' id='word_1_370' title='bbox 1543 1517 1572 1545; x_wconf 90' lang='lat' dir='ltr'>te</span> <span class='ocrx_word' id='word_1_371' title='bbox 1589 1512 1694 1545; x_wconf 89' lang='lat' dir='ltr'>dilecti</span> <span class='ocrx_word' id='word_1_372' title='bbox 1715 1511 1771 1543; x_wconf 86' lang='lat' dir='ltr'>lilii</span> <span class='ocrx_word' id='word_1_373' title='bbox 1787 1521 1840 1544; x_wconf 89' lang='lat' dir='ltr'>no-</span> 
     </span>
     <span class='ocr_line' id='line_1_75' title="bbox 1099 1565 1838 1599; baseline -0.001 -1"><span class='ocrx_word' id='word_1_374' title='bbox 1099 1566 1168 1598; x_wconf 88' lang='lat' dir='ltr'>bilis</span> <span class='ocrx_word' id='word_1_375' title='bbox 1181 1566 1238 1598; x_wconf 68' lang='lat' dir='ltr'>viri</span> <span class='ocrx_word' id='word_1_376' title='bbox 1253 1566 1353 1599; x_wconf 89' lang='lat' dir='ltr'>Caroli</span> <span class='ocrx_word' id='word_1_377' title='bbox 1372 1566 1534 1598; x_wconf 86' lang='lat' dir='ltr'>Barberini</span> <span class='ocrx_word' id='word_1_378' title='bbox 1551 1566 1649 1599; x_wconf 86' lang='lat' dir='ltr'>nostri</span> <span class='ocrx_word' id='word_1_379' title='bbox 1667 1565 1838 1598; x_wconf 86' lang='lat' dir='ltr'>secundum</span> 
     </span>
     <span class='ocr_line' id='line_1_76' title="bbox 1099 1619 1839 1661; baseline 0 -10"><span class='ocrx_word' id='word_1_380' title='bbox 1099 1629 1226 1651; x_wconf 89' lang='lat' dir='ltr'>carnem</span> <span class='ocrx_word' id='word_1_381' title='bbox 1250 1619 1356 1652; x_wconf 78' lang='lat' dir='ltr'>fratris</span> <span class='ocrx_word' id='word_1_382' title='bbox 1381 1619 1523 1661; x_wconf 82' lang='lat' dir='ltr'>germani</span> <span class='ocrx_word' id='word_1_383' title='bbox 1548 1619 1642 1652; x_wconf 88' lang='lat' dir='ltr'>totius</span> <span class='ocrx_word' id='word_1_384' title='bbox 1666 1624 1790 1651; x_wconf 84' lang='lat' dir='ltr'>nostrae</span> <span class='ocrx_word' id='word_1_385' title='bbox 1811 1624 1839 1652; x_wconf 90' lang='lat' dir='ltr'>et</span> 
     </span>
     <span class='ocr_line' id='line_1_77' title="bbox 1099 1672 1841 1716; baseline 0 -11"><span class='ocrx_word' id='word_1_386' title='bbox 1099 1672 1127 1705; x_wconf 90' lang='lat' dir='ltr'>S.</span> <span class='ocrx_word' id='word_1_387' title='bbox 1154 1673 1187 1705; x_wconf 87' lang='lat' dir='ltr'>R.</span> <span class='ocrx_word' id='word_1_388' title='bbox 1206 1673 1238 1705; x_wconf 82' lang='lat' dir='ltr'>E.</span> <span class='ocrx_word' id='word_1_389' title='bbox 1264 1672 1394 1706; x_wconf 90' lang='lat' dir='ltr'>militiae</span> <span class='ocrx_word' id='word_1_390' title='bbox 1420 1673 1573 1716; x_wconf 87' lang='lat' dir='ltr'>capitanei</span> <span class='ocrx_word' id='word_1_391' title='bbox 1599 1677 1629 1705; x_wconf 86' lang='lat' dir='ltr'>et</span> <span class='ocrx_word' id='word_1_392' title='bbox 1653 1673 1841 1715; x_wconf 78' lang='lat' dir='ltr'>gubernato—</span> 
     </span>
     <span class='ocr_line' id='line_1_78' title="bbox 1099 1726 1839 1769; baseline -0.001 -11"><span class='ocrx_word' id='word_1_393' title='bbox 1099 1726 1142 1758; x_wconf 91' lang='lat' dir='ltr'>ris</span> <span class='ocrx_word' id='word_1_394' title='bbox 1173 1726 1331 1769; x_wconf 84' lang='lat' dir='ltr'>generalis</span> <span class='ocrx_word' id='word_1_395' title='bbox 1363 1726 1627 1758; x_wconf 86' lang='lat' dir='ltr'>locumtenentem</span> <span class='ocrx_word' id='word_1_396' title='bbox 1660 1726 1839 1768; x_wconf 84' lang='lat' dir='ltr'>generalem</span> 
     </span>
     <span class='ocr_line' id='line_1_79' title="bbox 1099 1779 1840 1822; baseline 0 -11"><span class='ocrx_word' id='word_1_397' title='bbox 1099 1779 1234 1812; x_wconf 87' lang='lat' dir='ltr'>militum</span> <span class='ocrx_word' id='word_1_398' title='bbox 1266 1784 1296 1812; x_wconf 87' lang='lat' dir='ltr'>et</span> <span class='ocrx_word' id='word_1_399' title='bbox 1327 1780 1490 1822; x_wconf 88' lang='lat' dir='ltr'>copiarum</span> <span class='ocrx_word' id='word_1_400' title='bbox 1526 1784 1589 1811; x_wconf 89' lang='lat' dir='ltr'>tam</span> <span class='ocrx_word' id='word_1_401' title='bbox 1625 1779 1840 1821; x_wconf 82' lang='lat' dir='ltr'>equestrium,</span> 
     </span>
     <span class='ocr_line' id='line_1_80' title="bbox 1099 1833 1840 1877; baseline -0.001 -12"><span class='ocrx_word' id='word_1_402' title='bbox 1099 1844 1193 1877; x_wconf 89' lang='lat' dir='ltr'>quam</span> <span class='ocrx_word' id='word_1_403' title='bbox 1219 1833 1430 1877; x_wconf 85' lang='lat' dir='ltr'>pedestrium,</span> <span class='ocrx_word' id='word_1_404' title='bbox 1462 1843 1585 1866; x_wconf 86' lang='lat' dir='ltr'>necnon</span> <span class='ocrx_word' id='word_1_405' title='bbox 1611 1837 1840 1866; x_wconf 87' lang='lat' dir='ltr'>tormentorum</span> 
     </span>
     <span class='ocr_line' id='line_1_81' title="bbox 1099 1887 1840 1930; baseline -0.001 -11"><span class='ocrx_word' id='word_1_406' title='bbox 1099 1887 1296 1929; x_wconf 88' lang='lat' dir='ltr'>bellicorum,</span> <span class='ocrx_word' id='word_1_407' title='bbox 1322 1897 1548 1930; x_wconf 87' lang='lat' dir='ltr'>armorumque</span> <span class='ocrx_word' id='word_1_408' title='bbox 1573 1887 1714 1919; x_wconf 89' lang='lat' dir='ltr'>onmium</span> <span class='ocrx_word' id='word_1_409' title='bbox 1729 1913 1736 1926; x_wconf 89' lang='lat'>,</span> <span class='ocrx_word' id='word_1_410' title='bbox 1761 1897 1840 1929; x_wconf 82' lang='lat' dir='ltr'>quae</span> 
     </span>
     <span class='ocr_line' id='line_1_82' title="bbox 1100 1940 1839 1984; baseline -0.001 -12"><span class='ocrx_word' id='word_1_411' title='bbox 1100 1950 1158 1983; x_wconf 88' lang='lat' dir='ltr'>pro</span> <span class='ocrx_word' id='word_1_412' title='bbox 1183 1940 1406 1973; x_wconf 80' lang='lat' dir='ltr'>fortalitiorum</span> <span class='ocrx_word' id='word_1_413' title='bbox 1432 1940 1497 1973; x_wconf 76' lang='lat' dir='ltr'>sive</span> <span class='ocrx_word' id='word_1_414' title='bbox 1526 1940 1839 1984; x_wconf 74' lang='lat' dir='ltr'>propugnaculorum</span> 
     </span>
     <span class='ocr_line' id='line_1_83' title="bbox 1102 1993 1841 2036; baseline -0.001 -10"><span class='ocrx_word' id='word_1_415' title='bbox 1102 1993 1193 2026; x_wconf 71' lang='lat' dir='ltr'>Vallis</span> <span class='ocrx_word' id='word_1_416' title='bbox 1217 1993 1363 2033; x_wconf 84' lang='lat' dir='ltr'>Tellinae,</span> <span class='ocrx_word' id='word_1_417' title='bbox 1382 1993 1549 2027; x_wconf 86' lang='lat' dir='ltr'>comitatus</span> <span class='ocrx_word' id='word_1_418' title='bbox 1573 1993 1706 2035; x_wconf 78' lang='lat' dir='ltr'>Boi-mii,</span> <span class='ocrx_word' id='word_1_419' title='bbox 1725 2004 1759 2026; x_wconf 87' lang='lat' dir='ltr'>ae</span> <span class='ocrx_word' id='word_1_420' title='bbox 1784 2004 1841 2036; x_wconf 86' lang='lat' dir='ltr'>op-</span> 
     </span>
     <span class='ocr_line' id='line_1_84' title="bbox 1100 2047 1840 2091; baseline 0 -12"><span class='ocrx_word' id='word_1_421' title='bbox 1100 2047 1164 2091; x_wconf 86' lang='lat' dir='ltr'>pidi</span> <span class='ocrx_word' id='word_1_422' title='bbox 1199 2047 1415 2089; x_wconf 72' lang='lat' dir='ltr'>Chiavennac,</span> <span class='ocrx_word' id='word_1_423' title='bbox 1441 2048 1644 2091; x_wconf 81' lang='lat' dir='ltr'>‘aliorumque</span> <span class='ocrx_word' id='word_1_424' title='bbox 1676 2048 1840 2087; x_wconf 87' lang='lat' dir='ltr'>locorum,</span> 
     </span>
     <span class='ocr_line' id='line_1_85' title="bbox 1101 2100 1841 2146; baseline -0.001 -13"><span class='ocrx_word' id='word_1_425' title='bbox 1101 2111 1180 2146; x_wconf 83' lang='lat' dir='ltr'>quae</span> <span class='ocrx_word' id='word_1_426' title='bbox 1201 2100 1232 2133; x_wconf 90' lang='lat' dir='ltr'>in</span> <span class='ocrx_word' id='word_1_427' title='bbox 1256 2101 1355 2134; x_wconf 82' lang='lat' dir='ltr'>felicis</span> <span class='ocrx_word' id='word_1_428' title='bbox 1380 2101 1606 2134; x_wconf 84' lang='lat' dir='ltr'>recordationis</span> <span class='ocrx_word' id='word_1_429' title='bbox 1627 2100 1771 2142; x_wconf 85' lang='lat' dir='ltr'>Gregorii</span> <span class='ocrx_word' id='word_1_430' title='bbox 1789 2101 1841 2132; x_wconf 85' lang='lat' dir='ltr'>Pa-</span> 
     </span>
     <span class='ocr_line' id='line_1_86' title="bbox 1099 2153 1840 2198; baseline -0.001 -12"><span class='ocrx_word' id='word_1_431' title='bbox 1099 2164 1156 2197; x_wconf 85' lang='lat' dir='ltr'>pae</span> <span class='ocrx_word' id='word_1_432' title='bbox 1173 2154 1233 2195; x_wconf 80' lang='lat' dir='ltr'>XV,</span> <span class='ocrx_word' id='word_1_433' title='bbox 1249 2154 1503 2198; x_wconf 87' lang='lat' dir='ltr'>praedecessoris</span> <span class='ocrx_word' id='word_1_434' title='bbox 1519 2153 1628 2195; x_wconf 85' lang='lat' dir='ltr'>nostri,</span> <span class='ocrx_word' id='word_1_435' title='bbox 1644 2153 1708 2185; x_wconf 75' lang='lat' dir='ltr'>sire</span> <span class='ocrx_word' id='word_1_436' title='bbox 1725 2153 1840 2185; x_wconf 84' lang='lat' dir='ltr'>nostris</span> 
     </span>
     <span class='ocr_line' id='line_1_87' title="bbox 1100 2206 1841 2251; baseline -0.003 -11"><span class='ocrx_word' id='word_1_437' title='bbox 1100 2212 1129 2240; x_wconf 85' lang='lat' dir='ltr'>et</span> <span class='ocrx_word' id='word_1_438' title='bbox 1145 2207 1233 2240; x_wconf 81' lang='lat' dir='ltr'>Sedis</span> <span class='ocrx_word' id='word_1_439' title='bbox 1246 2207 1443 2251; x_wconf 83' lang='lat' dir='ltr'>Apostolicae</span> <span class='ocrx_word' id='word_1_440' title='bbox 1461 2207 1604 2239; x_wconf 83' lang='lat' dir='ltr'>manibus</span> <span class='ocrx_word' id='word_1_441' title='bbox 1622 2206 1763 2250; x_wconf 86' lang='lat' dir='ltr'>deposita</span> <span class='ocrx_word' id='word_1_442' title='bbox 1779 2206 1841 2238; x_wconf 75' lang='lat' dir='ltr'>l&#39;ue-</span> 
     </span>
     <span class='ocr_line' id='line_1_88' title="bbox 1099 2259 1840 2304; baseline -0.003 -11"><span class='ocrx_word' id='word_1_443' title='bbox 1099 2265 1186 2302; x_wconf 80' lang='lat' dir='ltr'>rant,</span> <span class='ocrx_word' id='word_1_444' title='bbox 1212 2260 1451 2304; x_wconf 82' lang='lat' dir='ltr'>recuperatione</span> <span class='ocrx_word' id='word_1_445' title='bbox 1476 2259 1633 2293; x_wconf 85' lang='lat' dir='ltr'>conscribi</span> <span class='ocrx_word' id='word_1_446' title='bbox 1661 2264 1691 2291; x_wconf 86' lang='lat' dir='ltr'>et.</span> <span class='ocrx_word' id='word_1_447' title='bbox 1720 2259 1840 2291; x_wconf 72' lang='lat' dir='ltr'>moveri</span> 
     </span>
     <span class='ocr_line' id='line_1_89' title="bbox 1100 2312 1840 2358; baseline -0.004 -11"><span class='ocrx_word' id='word_1_448' title='bbox 1100 2315 1275 2358; x_wconf 71' lang='lat' dir='ltr'>respective</span> <span class='ocrx_word' id='word_1_449' title='bbox 1289 2313 1495 2356; x_wconf 88' lang='lat' dir='ltr'>contingcret,</span> <span class='ocrx_word' id='word_1_450' title='bbox 1509 2323 1580 2346; x_wconf 91' lang='lat' dir='ltr'>cum</span> <span class='ocrx_word' id='word_1_451' title='bbox 1594 2312 1792 2345; x_wconf 78' lang='lat' dir='ltr'>facultatibus</span> <span class='ocrx_word' id='word_1_452' title='bbox 1806 2323 1840 2344; x_wconf 88' lang='lat' dir='ltr'>ac</span> 
     </span>
     <span class='ocr_line' id='line_1_90' title="bbox 1100 2366 1839 2409; baseline -0.003 -9"><span class='ocrx_word' id='word_1_453' title='bbox 1100 2367 1157 2400; x_wconf 90' lang='lat' dir='ltr'>sub</span> <span class='ocrx_word' id='word_1_454' title='bbox 1182 2367 1275 2400; x_wconf 89' lang='lat' dir='ltr'>certis</span> <span class='ocrx_word' id='word_1_455' title='bbox 1301 2367 1395 2400; x_wconf 86' lang='lat' dir='ltr'>modo</span> <span class='ocrx_word' id='word_1_456' title='bbox 1412 2372 1442 2399; x_wconf 87' lang='lat' dir='ltr'>et</span> <span class='ocrx_word' id='word_1_457' title='bbox 1462 2368 1562 2400; x_wconf 71' lang='lat' dir='ltr'>forma</span> <span class='ocrx_word' id='word_1_458' title='bbox 1581 2371 1654 2399; x_wconf 89' lang='lat' dir='ltr'>tunc</span> <span class='ocrx_word' id='word_1_459' title='bbox 1674 2366 1839 2409; x_wconf 80' lang='lat' dir='ltr'>expressis,</span> 
     </span>
     <span class='ocr_line' id='line_1_91' title="bbox 1099 2419 1842 2463; baseline -0.004 -9"><span class='ocrx_word' id='word_1_460' title='bbox 1099 2421 1137 2454; x_wconf 91' lang='lat' dir='ltr'>ad</span> <span class='ocrx_word' id='word_1_461' title='bbox 1161 2426 1306 2454; x_wconf 89' lang='lat' dir='ltr'>nostrum</span> <span class='ocrx_word' id='word_1_462' title='bbox 1327 2425 1357 2453; x_wconf 91' lang='lat' dir='ltr'>et</span> <span class='ocrx_word' id='word_1_463' title='bbox 1378 2420 1465 2453; x_wconf 89' lang='lat' dir='ltr'>Sedis</span> <span class='ocrx_word' id='word_1_464' title='bbox 1482 2419 1679 2463; x_wconf 85' lang='lat' dir='ltr'>Apostolicae</span> <span class='ocrx_word' id='word_1_465' title='bbox 1695 2419 1842 2462; x_wconf 88' lang='lat' dir='ltr'>benepla-</span> 
     </span>
     <span class='ocr_line' id='line_1_92' title="bbox 1100 2473 1840 2518; baseline -0.004 -10"><span class='ocrx_word' id='word_1_466' title='bbox 1100 2475 1194 2509; x_wconf 86' lang='lat' dir='ltr'>citum</span> <span class='ocrx_word' id='word_1_467' title='bbox 1210 2502 1217 2515; x_wconf 86' lang='lat'>,</span> <span class='ocrx_word' id='word_1_468' title='bbox 1244 2474 1417 2518; x_wconf 72' lang='lat' dir='ltr'>apostolica</span> <span class='ocrx_word' id='word_1_469' title='bbox 1442 2473 1627 2507; x_wconf 86' lang='lat' dir='ltr'>auctoritate</span> <span class='ocrx_word' id='word_1_470' title='bbox 1650 2474 1818 2506; x_wconf 84' lang='lat' dir='ltr'>fecerimus</span> <span class='ocrx_word' id='word_1_471' title='bbox 1833 2500 1840 2513; x_wconf 92' lang='lat'>,</span> 
     </span>
     <span class='ocr_line' id='line_1_93' title="bbox 1100 2527 1842 2571; baseline -0.004 -9"><span class='ocrx_word' id='word_1_472' title='bbox 1100 2528 1355 2562; x_wconf 87' lang='lat' dir='ltr'>constituerimus</span> <span class='ocrx_word' id='word_1_473' title='bbox 1387 2533 1418 2560; x_wconf 91' lang='lat' dir='ltr'>et</span> <span class='ocrx_word' id='word_1_474' title='bbox 1449 2527 1722 2571; x_wconf 71' lang='lat' dir='ltr'>deputaverimus,</span> <span class='ocrx_word' id='word_1_475' title='bbox 1747 2532 1842 2570; x_wconf 89' lang='lat' dir='ltr'>prout</span> 
     </span>
    </p>
   </div>
   <div class='ocr_carea' id='block_1_15' title="bbox 1135 2598 1722 2680">
    <p class='ocr_par' dir='ltr' id='par_1_19' title="bbox 1135 2598 1722 2680">
     <span class='ocr_line' id='line_1_94' title="bbox 1137 2598 1578 2634; baseline -0.005 -7"><span class='ocrx_word' id='word_1_476' title='bbox 1137 2602 1147 2627; x_wconf 92' lang='lat'>1</span> <span class='ocrx_word' id='word_1_477' title='bbox 1166 2599 1203 2627; x_wconf 77' lang='lat' dir='ltr'>Ex</span> <span class='ocrx_word' id='word_1_478' title='bbox 1219 2599 1326 2634; x_wconf 83' lang='lat' dir='ltr'>Regest.</span> <span class='ocrx_word' id='word_1_479' title='bbox 1343 2599 1369 2626; x_wconf 87' lang='lat' dir='ltr'>iu</span> <span class='ocrx_word' id='word_1_480' title='bbox 1383 2599 1484 2626; x_wconf 72' lang='lat' dir='ltr'>Secret.</span> <span class='ocrx_word' id='word_1_481' title='bbox 1501 2598 1578 2626; x_wconf 77' lang='lat' dir='ltr'>Brev.</span> 
     </span>
     <span class='ocr_line' id='line_1_95' title="bbox 1135 2643 1722 2680; baseline 0 -9"><span class='ocrx_word' id='word_1_482' title='bbox 1135 2645 1151 2671; x_wconf 76' lang='lat'><strong>2</strong></span> <span class='ocrx_word' id='word_1_483' title='bbox 1166 2644 1286 2672; x_wconf 88' lang='lat' dir='ltr'>Similem</span> <span class='ocrx_word' id='word_1_484' title='bbox 1302 2643 1363 2671; x_wconf 77' lang='lat' dir='ltr'>vide</span> <span class='ocrx_word' id='word_1_485' title='bbox 1378 2652 1459 2680; x_wconf 88' lang='lat' dir='ltr'>supra</span> <span class='ocrx_word' id='word_1_486' title='bbox 1473 2652 1534 2679; x_wconf 81' lang='lat' dir='ltr'>pag.</span> <span class='ocrx_word' id='word_1_487' title='bbox 1549 2643 1600 2670; x_wconf 71' lang='lat'>4⁶24</span> <span class='ocrx_word' id='word_1_488' title='bbox 1615 2644 1651 2678; x_wconf 82' lang='lat' dir='ltr'>(n.</span> <span class='ocrx_word' id='word_1_489' title='bbox 1671 2644 1722 2679; x_wconf 82' lang='lat' dir='ltr'>r.).</span> 
     </span>
    </p>
   </div>
   <div class='ocr_carea' id='block_1_16' title="bbox 1842 233 2028 261">
    <p class='ocr_par' dir='ltr' id='par_1_20' title="bbox 1842 233 2028 261">
     <span class='ocr_line' id='line_1_96' title="bbox 1842 233 2028 261; baseline 0 0"><span class='ocrx_word' id='word_1_490' title='bbox 1842 234 1892 261; x_wconf 80' lang='lat' dir='ltr'>An.</span> <span class='ocrx_word' id='word_1_491' title='bbox 1910 233 1939 261; x_wconf 88' lang='lat' dir='ltr'>C.</span> <span class='ocrx_word' id='word_1_492' title='bbox 1959 233 2028 261; x_wconf 80' lang='lat'><strong>1626</strong></span> 
     </span>
    </p>
   </div>
   <div class='ocr_carea' id='block_1_17' title="bbox 1852 934 2035 981">
    <p class='ocr_par' dir='ltr' id='par_1_21' title="bbox 1852 934 2035 981">
     <span class='ocr_line' id='line_1_97' title="bbox 1873 934 2035 959; baseline 0 -6"><span class='ocrx_word' id='word_1_493' title='bbox 1873 934 1974 959; x_wconf 52' lang='lat' dir='ltr'>Torquati</span> <span class='ocrx_word' id='word_1_494' title='bbox 1984 934 2035 953; x_wconf 58' lang='lat' dir='ltr'>[iilos</span> 
     </span>
     <span class='ocr_line' id='line_1_98' title="bbox 1852 961 2035 981; baseline 0 -1"><span class='ocrx_word' id='word_1_495' title='bbox 1852 964 1870 980; x_wconf 80' lang='lat' dir='ltr'>ct</span> <span class='ocrx_word' id='word_1_496' title='bbox 1880 961 1954 981; x_wconf 69' lang='lat' dir='ltr'>bellica</span> <span class='ocrx_word' id='word_1_497' title='bbox 1964 964 2035 981; x_wconf 58' lang='lat' dir='ltr'>tirius.</span> 
     </span>
    </p>
   </div>
   <div class='ocr_carea' id='block_1_18' title="bbox 1855 1519 2038 1574">
    <p class='ocr_par' dir='ltr' id='par_1_22' title="bbox 1855 1519 2038 1574">
     <span class='ocr_line' id='line_1_99' title="bbox 1874 1519 2038 1543; baseline -0.012 -2"><span class='ocrx_word' id='word_1_498' title='bbox 1874 1520 2002 1543; x_wconf 69' lang='lat' dir='ltr'>Mandalum.</span> <span class='ocrx_word' id='word_1_499' title='bbox 2012 1519 2038 1540; x_wconf 72' lang='lat' dir='ltr'>ile</span> 
     </span>
     <span class='ocr_line' id='line_1_100' title="bbox 1855 1549 2038 1574; baseline -0.011 -6"><span class='ocrx_word' id='word_1_500' title='bbox 1855 1554 1896 1574; x_wconf 72' lang='lat' dir='ltr'>quo</span> <span class='ocrx_word' id='word_1_501' title='bbox 1911 1554 1931 1568; x_wconf 81' lang='lat' dir='ltr'>in</span> <span class='ocrx_word' id='word_1_502' title='bbox 1946 1549 2038 1568; x_wconf 72' lang='lat' dir='ltr'>rubrica.</span> 
     </span>
    </p>
   </div>
  </div>
 </body>
</html>
