2269 3235
228 225 276 252 An.
294 225 322 251 c.
345 224 412 252 1625
459 213 523 248 300

254 1347 282 1367 De
295 1354 318 1367 ii«
331 1356 334 1365 ι
346 1354 365 1366 ιιι
390 1354 410 1366 x-

227 1375 324 1394 rlmlemli
341 1381 377 1394 sun
399 1381 401 1384 ⁴

227 1402 328 1426 capitulo.

378 1353 387 1393 -τ

1005 223 1186 248 BULLARIUM
1206 224 1360 248 ROMANUM

427 271 768 314 curatam,huiusmodi
783 271 899 314 negotii
914 271 1080 314 exequutio
1094 276 1168 304 tam-
1203 272 1323 305 neficiis
1341 271 1371 303 in
1391 271 1501 304 eadem
1525 271 1633 304 nostra
1657 271 1789 305 ecclesia
1811 272 1941 306 existen-

427 325 479 357 diu
505 325 652 369 impedita
687 325 741 357 suit
758 352 765 365 ,
789 330 821 357 ut
846 324 885 357 ad
915 324 1167 368 desperationem

427 378 611 410 ronlicientli
635 377 753 419 negotii
772 377 960 410 veniremus.
978 378 1079 417 Quare
1099 388 1166 421 nos,

426 430 656 471 desiderantes,
681 440 718 462 ne
744 430 922 464 lmiusmodi
949 430 1116 464 discordiis
1139 435 1168 466 et

426 484 629 517 dilationibus
664 488 726 516 tam
764 484 864 525 utile,
895 485 1107 518 necessarium
1138 490 1168 519 et

426 536 592 569 honestum
617 540 785 578 statutum,
810 548 881 571 cum
906 538 1020 571 damno
1044 542 1167 573 nostrae

427 590 586 629 ecclesiae,
607 589 803 631 differretur,
822 590 871 623 ut¹
891 591 967 624 illud
992 592 1094 625 faeere
1115 592 1168 625 de—

426 642 592 682 crevimus,
614 645 799 687 maturaque
823 644 1028 687 praecedente
1052 645 1168 678 delibe-

426 695 558 736 ratione,
579 699 608 729 et
624 696 682 730 sub
707 707 761 740 spe
786 697 974 741 beneplaciti
999 698 1050 730 SS,
1076 698 1109 730 D.
1130 699 1164 731 N.

426 749 528 792 Papae
560 755 590 782 et
614 755 738 783 sanctae
769 751 857 785 Sedis
882 752 1099 795 Apostolicae,
1128 752 1167 784 ad

426 801 522 834 divini
554 804 656 836 cultus
689 809 892 846 augmentum
917 804 1008 837 etad
1041 809 1167 837 nostrae

427 855 577 888 ecclesiae
602 856 772 889 Eborensis
796 861 989 890 venustatem
1014 861 1043 890 et
1067 857 1167 890 liono-

426 918 493 940 rem
509 909 645 951 (statutis
664 910 829 942 Toletanae
847 913 876 943 et
895 910 1030 942 maxime
1053 910 1167 950 Colim-

425 961 559 994 hriensis
584 962 787 995 ecelesiarum
807 963 1023 1004 adhaerentes,
1040 964 1168 996 mutatis

425 1019 455 1046 ct
478 1014 601 1056 additis,
620 1025 698 1058 quae
724 1016 903 1048 censuimus
926 1016 1049 1059 aptiora
1073 1016 1111 1049 ad
1135 1017 1168 1049 fi-

426 1077 495 1099 nem
520 1073 721 1111 praetensum
746 1074 776 1101 et
800 1068 838 1101 ad
871 1069 1034 1102 meliorem
1060 1071 1166 1103 statuti

424 1120 653 1153 observantiam
675 1126 705 1153 ct
720 1122 977 1165 exequutionem)
992 1123 1022 1154 in
1040 1123 1166 1156 nominc

427 1173 548 1205 Domini
572 1174 671 1207 nostri
697 1174 765 1207 lesu
786 1175 898 1208 Christi
928 1175 1105 1216 condimus,
1127 1177 1168 1208 sa—

425 1226 526 1259 cimus
551 1232 580 1259 et
613 1227 795 1260 ordinamus
826 1232 975 1262 statutum
1000 1239 1060 1273 pro
1086 1229 1168 1262 dicta

426 1282 533 1313 nostra
558 1281 690 1313 ccclesia
716 1281 833 1314 tenoris
858 1283 1034 1326 sequentis:

469 1333 558 1372 Quod
583 1344 618 1366 ex
643 1345 726 1367 nunc
743 1335 889 1379 deinceps
913 1336 1074 1380 perpetuis
1090 1337 1169 1371 sutu-

426 1386 469 1419 ris
487 1386 683 1430 temporibus
700 1387 786 1420 nulla
805 1388 951 1431 dignitas,
968 1389 1169 1423 canonicatus

426 1444 457 1471 et
481 1440 682 1483 praebenda,
711 1446 763 1473 aut
798 1441 1078 1485 semipraebenda,
1114 1453 1169 1476 seu

426 1493 638 1536 quartanaria,
658 1499 711 1526 aut
732 1494 792 1527 alia
815 1505 1033 1539 quaecumque
1049 1495 1168 1529 benefi-

427 1546 473 1577 cia
491 1546 641 1579 haetenus
666 1547 697 1579 in
721 1547 804 1579 dicta
820 1549 929 1580 nostra
943 1548 1075 1581 ecclesia
1089 1549 1170 1582 Ebo-

427 1599 509 1631 rensi
536 1604 640 1632 erecta
659 1605 690 1632 et
710 1600 858 1641 instituta,
879 1611 934 1634 seu
955 1601 987 1633 in
1004 1607 1166 1645 posterum

427 1653 576 1695 erigenda
593 1658 622 1686 et
639 1653 836 1695 instituenda,
850 1665 907 1698 per
924 1665 1058 1695 cessum,
1075 1655 1167 1688 etiam

426 1716 463 1738 ex
482 1709 573 1740 causa
590 1708 839 1750 permutationis,
858 1709 904 1742 vel
922 1720 978 1752 per
994 1709 1167 1751 decessum,

427 1764 480 1791 aut
503 1760 595 1792 aliam
628 1761 771 1804 quamvis
806 1762 1010 1795 amissionem
1043 1763 1091 1796 vel
1115 1763 1165 1796 di·

427 1812 609 1846 missionem
629 1814 767 1857 praesata
782 1814 934 1848 beneficia
951 1826 1009 1859 pro
1027 1822 1168 1860 tempore

427 1865 646 1907 obtinentium,
662 1872 715 1899 aut
731 1867 806 1900 alias
823 1868 932 1911 quovis
951 1869 1044 1902 modo
1062 1879 1169 1903 vacan-

427 1918 483 1959 tia,
506 1929 608 1962 neque
632 1920 726 1952 etiam
750 1930 807 1964 per
831 1921 913 1953 viam
938 1922 1167 1964 coadiutoriae,

427 1971 588 2014 quibusvis
606 1973 728 2006 clericis
746 1984 781 2006 ex
798 1973 1009 2008 hebraeorum
1019 1974 1039 2016 ⁸³,
1055 1976 1102 2008 vel
1119 1986 1170 2009 eo-

427 2036 509 2065 rum,
537 2025 590 2069 qui
614 2036 651 2059 ex
675 2029 806 2070 paterna
829 2027 911 2061 linea
936 2039 1035 2072 usque
1060 2029 1098 2062 ad
1122 2029 1169 2062 in-

426 2077 549 2111 finitum
574 2080 622 2112 vel
649 2090 687 2113 ex
715 2083 857 2114 materna
885 2092 986 2125 usque
1013 2082 1052 2115 ad
1079 2083 1170 2126 septi-

427 2142 513 2165 mum
535 2132 668 2176 gradum
688 2133 838 2167 inclusive
863 2145 932 2168 eam
953 2135 1098 2169 infamiae
1115 2146 1169 2169 no-

428 2191 489 2218 tam
514 2187 748 2229 contraxerint,
769 2193 822 2221 aut
845 2188 950 2233 aliquo
970 2200 1169 2234 quocumque

433 2239 526 2272 modo
554 2240 697 2283 personis
727 2241 821 2274 simili
852 2242 921 2275 labe
954 2242 1094 2284 insectis,
1122 2243 1170 2276 vel

428 2292 520 2325 etiam
546 2293 780 2335 laborantibus,
810 2299 844 2327 ut
875 2305 993 2338 supra,
1019 2296 1170 2339 sanguine

428 2346 585 2379 coniuncti
610 2347 736 2388 suerint,
754 2348 889 2381 conferri
914 2349 1052 2392 possint:
1073 2349 1171 2382 idem-

428 2410 487 2441 que
513 2399 702 2433 censendum
728 2401 794 2434 sore
819 2401 857 2434 de
882 2401 1097 2444 dignitatibus,
1118 2413 1169 2436 ca-

428 2452 623 2486 nonicatibus
640 2458 669 2488 ct
685 2454 871 2498 praebendis
892 2455 1124 2498 magistralibus
1141 2461 1171 2489 et

429 2505 651 2549 ‹lot-toralibus,
668 2511 698 2542 et
712 2507 749 2541 de
765 2507 834 2541 aliis
853 2508 1104 2553 quibuscumque
1120 2509 1171 2542 be-

463 2579 475 2604 1
497 2578 592 2606 Partic.
611 2583 640 2608 ul
655 2581 807 2608 redundare
823 2581 928 2609 videtur
942 2587 979 2617 (n.
996 2582 1044 2616 T.).

462 2624 479 2650 ‘2
493 2623 597 2659 Aliquid
614 2624 700 2660 deest,
716 2626 816 2661 stirpe,
832 2629 879 2653 aut
892 2625 979 2654 simile
992 2626 1032 2661 (a.
1050 2626 1097 2661 T.).

1201 325 1303 365 tibus,
1329 324 1420 357 etiam
1446 335 1483 358 ex
1509 323 1636 357 indultis
1666 325 1846 369 apostolicis
1869 326 1939 359 uni-

1200 378 1338 411 versitati
1370 377 1464 411 studii
1499 377 1656 420 generalis
1684 377 1939 420 Colimbriensis‚

1200 441 1254 464 seu
1279 431 1384 474 regiae
1409 430 1491 464 illius
1516 430 1702 473 academiae,
1722 435 1775 463 aut
1798 430 1939 465 eiusdem

1200 483 1383 517 doctoribus
1412 488 1442 518 et
1465 484 1697 528 professoribus
1727 483 1867 528 affectis,
1891 486 1939 518 vel

1200 537 1275 569 alias
1300 536 1422 578 debitis,
1447 537 1622 571 statuimus.

1244 590 1331 629 Quod
1351 589 1410 623 ad¹
1435 591 1515 633 lites,
1536 591 1766 624 controversias
1785 595 1816 623 et
1834 591 1939 632 dubia,

1200 652 1279 686 quae
1306 642 1441 687 desuper
1465 653 1523 687 pro
1547 648 1690 687 tempore
1710 643 1778 676 dari
1797 649 1939 688 possunt,

1200 697 1386 738 statuimus,
1410 702 1444 730 ut
1468 698 1522 741 qui
1555 698 1660 741 aliquo
1685 697 1779 731 modo
1802 697 1941 742 aliquam

1199 760 1237 782 ex
1251 750 1464 793 dignitatibus,
1478 751 1725 792 canonicatibus,
1742 751 1940 795 praebendis,

1200 803 1466 846 semipraebendis
1479 830 1487 844 ,
1512 804 1721 848 quartanariis
1734 831 1741 845 ‚
1765 805 1942 849 ceterisque

1200 857 1345 890 omnibus
1369 857 1529 890 benefieiis
1553 858 1702 892 hactenus
1727 858 1758 891 in
1781 858 1864 891 dicta
1884 869 1941 892 no-

1200 910 1263 941 stra
1280 909 1413 942 ecclesia
1426 911 1595 943 Eborensis
1611 911 1723 944 erectis
1739 916 1770 944 et
1782 911 1940 954 institutis,

1200 966 1253 993 aut
1275 961 1424 1005 deinceps
1449 962 1648 996 instituendis
1671 969 1701 996 et
1728 964 1886 1007 erigendis
1910 965 1942 997 in

1200 1015 1246 1054 ea,
1271 1014 1391 1047 etiamsi
1417 1015 1478 1048 sint
1501 1015 1698 1049 universitati
1715 1022 1746 1049 et
1764 1017 1942 1050 academiae

1201 1066 1381 1100 huiusmodi
1405 1067 1526 1109 affecta,
1542 1068 1603 1101 sibi
1622 1069 1732 1111 quavis
1756 1069 1942 1103 auctoritate

1201 1120 1337 1153 conferri
1361 1120 1542 1163 obtinuerit,
1567 1126 1734 1165 antequam
1762 1121 1846 1155 illius
1869 1133 1942 1166 pos-

1201 1173 1371 1206 sessionem
1393 1184 1450 1217 per
1465 1185 1499 1207 se
1517 1175 1566 1207 vel
1590 1180 1830 1218 procuratorem
1850 1186 1941 1208 suum

1201 1232 1386 1270 assequatur
1410 1232 1439 1260 et
1463 1228 1689 1271 apprehendat,
1706 1228 1827 1261 litteras
1846 1239 1943 1272 super

1202 1280 1367 1313 collatione
1395 1286 1426 1313 et
1456 1281 1635 1324 provisione
1661 1282 1858 1325 huiusmodi,
1884 1283 1942 1316 sibi

1202 1334 1360 1377 expeditas
1378 1334 1462 1367 iuxta
1486 1335 1619 1368 formam
1638 1335 1758 1379 antiqui
1778 1335 1879 1369 dictae
1896 1347 1944 1369 ec-

1202 1387 1314 1419 clesiae
1337 1392 1464 1420 nostrae
1496 1388 1624 1429 statuti,
1652 1399 1689 1421 ex
1713 1388 1743 1421 vi
1768 1389 1943 1433 praesentis

1202 1440 1307 1474 statuti
1326 1446 1528 1484 praesentare
1543 1446 1686 1474 teneatur
1704 1442 1943 1486 archiepiscopo

1203 1493 1354 1526 Eborensi
1372 1494 1426 1538 qui
1441 1505 1499 1538 pro
1519 1499 1664 1538 tempore
1683 1495 1787 1536 suerit,
1804 1500 1839 1528 ut
1855 1506 1944 1540 prae-

1202 1547 1279 1580 fatas
1311 1547 1431 1580 litteras
1465 1548 1655 1590 examinari,
1680 1554 1711 1582 et
1740 1549 1825 1582 iuxta
1849 1549 1943 1582 huius

1202 1600 1309 1633 statuti
1326 1600 1460 1634 formam
1478 1601 1517 1634 de
1537 1601 1717 1635 huiusmodi
1737 1602 1874 1646 proviso,
1888 1613 1944 1636 seu

1203 1659 1413 1697 praesentato,
1433 1659 1464 1687 et
1488 1655 1535 1687 sui
1559 1655 1720 1698 sanguinis
1743 1656 1880 1699 puritate
1899 1656 1943 1689 sa-

1202 1707 1264 1740 ciat
1280 1707 1398 1751 inquiri
1412 1719 1419 1748 ;
1433 1708 1518 1752 quod
1542 1714 1646 1742 tamen
1670 1719 1733 1742 non
1752 1709 1879 1742 habebit
1902 1710 1945 1742 lo-

1203 1771 1275 1794 cum
1292 1761 1323 1793 in
1341 1761 1579 1804 inquisitoribus
1603 1762 1759 1806 deputatis
1783 1767 1813 1795 et
1831 1763 1944 1796 ceteris

1202 1813 1355 1847 ministris
1380 1813 1409 1847 S.
1435 1813 1535 1847 Officii
1559 1814 1781 1858 inquisitionis,
1805 1814 1860 1858 qui
1887 1815 1944 1848 ali-

1202 1866 1327 1910 quando
1351 1866 1501 1908 suerunt,
1533 1873 1604 1900 sunt
1638 1868 1685 1900 vel
1715 1878 1775 1911 pro
1801 1873 1944 1911 tempore

1202 1924 1303 1960 erunt,
1316 1919 1389 1963 quia
1405 1919 1427 1952 ii
1445 1919 1483 1953 ad
1499 1919 1731 1964 praedictarum
1745 1920 1944 1963 dignitatum,

1202 1973 1461 2016 canonicatuum,
1482 1973 1748 2017 praebendarum,
1773 1974 1945 2018 semiprae-

1202 2026 1387 2067 bendarum,
1401 2027 1686 2069 quartanariarum,
1704 2031 1944 2071 ceterorumque

1202 2080 1428 2114 beneficiorum
1464 2081 1695 2124 possessionem
1719 2080 1943 2123 admittentur,

1202 2134 1320 2178 absque
1344 2135 1406 2167 ulla
1431 2145 1526 2179 super
1553 2135 1688 2178 puritate
1712 2134 1873 2178 sanguinis
1895 2134 1944 2167 in-

1202 2187 1389 2221 formatione
1414 2187 1564 2221 facienda.

1248 2240 1337 2279 Quod
1361 2250 1470 2273 omnes
1495 2246 1525 2274 et
1548 2240 1673 2283 singuli,
1698 2241 1751 2285 qui
1776 2240 1815 2273 ad
1839 2240 1945 2273 huius—

1204 2293 1289 2326 modi
1321 2293 1474 2326 beneficia
1504 2293 1688 2326 admittendi
1717 2299 1830 2335 erunt,
1855 2294 1944 2337 prius

1204 2346 1416 2379 iuramentum
1441 2352 1601 2390 praestent
1617 2347 1648 2380 in
1669 2347 1805 2391 capitulo
1830 2347 1945 2391 capitu-

1203 2401 1312 2434 lariter
1344 2407 1536 2445 congregato
1561 2402 1598 2435 de
1623 2402 1803 2435 huiusmodi
1830 2406 1945 2436 statuto

1204 2455 1417 2496 observando,
1442 2460 1472 2488 et
1496 2455 1534 2488 de
1559 2455 1644 2488 illius
1669 2455 1890 2499 derogatione,
1915 2460 1946 2488 et

1204 2508 1371 2542 iuramenti
1389 2509 1540 2553 praedicti
1557 2510 1758 2551 relaxatione,
1772 2521 1827 2544 seu
1839 2509 1946 2543 remis-

1241 2626 1251 2652 1
1272 2625 1373 2654 Forsan
1387 2625 1534 2662 legendum
1550 2626 1644 2662 quoad
1663 2627 1703 2662 (n.
1719 2627 1767 2661 T.).

1951 223 2002 252 An.
2017 223 2045 252 C.
2068 223 2136 252 1625

1980 604 2073 625 Litterae
2090 609 2137 630 pro-

1955 630 2039 651 visionis
2055 631 2138 652 archie-

1955 658 2042 683 piscopo
2081 658 2138 678 exhi-

1954 683 2044 705 benitas.

2003 2250 2143 2271 {uramentum

1959 2276 1985 2297 ab
2007 2277 2143 2297 admittendis

1959 2304 2118 2330 praestandum.
