2269 3235
95 255 144 282 An.
160 252 188 280 C.
211 251 279 279 1625

127 2075 217 2101 Aliisque
228 2075 282 2095 litte-

101 2101 129 2122 ris
143 2102 247 2122 consuluit
257 2102 282 2122 li-

101 2127 177 2148 bertati
211 2128 281 2148 huius-

103 2153 158 2174 modi
168 2154 282 2174 electionis.

899 249 1040 273 unnANUs
1065 248 1120 272 VIII
1146 248 1193 272 I'P.

293 299 432 344 probatis
457 304 487 332 et
510 299 672 332 innovatis.
694 299 811 338 Quibus
832 298 978 331 omnibus
1003 302 1033 330 et

294 352 447 395 singulis,
475 352 596 386 etiamsi
625 363 683 396 pro
707 352 834 386 illorum
866 350 1032 384 sufficienti

294 406 498 449 derogatione
522 406 560 439 de
584 406 645 439 illis
660 433 667 447 ‚
692 415 865 448 eorumque
893 403 965 437 totis
990 407 1033 437 te-

294 459 425 492 noribus
449 460 614 504 specialis,
639 459 805 502 specifica,
831 467 979 501 expressa
1004 460 1034 490 et

294 512 464 554 individua,
481 523 545 546 non
568 518 672 545 autem
689 522 745 555 per
762 511 916 544 clausulas
940 520 1034 553 gene-

294 567 375 600 rales
399 567 482 600 idem
502 567 714 610 importantes,
733 565 851 598 mentio
872 575 927 597 seu
943 574 1034 607 quae-

294 619 340 652 vis
364 619 423 652 alia
447 619 609 663 expressio
632 617 775 651 habenda
799 618 888 658 foret,
910 622 1034 650 tenores

294 673 475 706 huiusmodi
500 671 716 717 praesentibus
740 682 799 715 pro
824 670 980 714 expressis
1005 673 1035 704 et

294 726 332 759 ad
357 727 488 759 verbum
510 725 636 759 insertis
653 725 814 764 habentes,
835 724 896 757 illis
910 724 986 757 alias
1003 724 1034 756 in

294 790 351 813 suo
374 779 490 813 robore
514 778 749 823 permansuris,
774 778 832 811 hac
856 778 923 811 vice
948 778 1035 811 dum-

294 836 376 867 taxat
401 832 579 876 specialiter
604 836 634 866 et
657 842 804 876 expresse
828 831 1034 874 derogamus,

294 886 469 930 ceterisque
497 885 664 919 contrariis
688 885 956 929 quibuscumque:
984 888 1036 918 aut

294 939 319 973 si
343 939 500 984 aliquibus
528 939 740 973 communiter
771 939 818 973 vel
848 939 971 972 divisim
996 939 1035 972 ab

293 992 472 1036 Apostolica
489 992 528 1026 sit
552 992 631 1027 Sede
655 992 821 1033 indultum,
838 992 923 1036 quod
943 992 1037 1026 inter-

294 1046 365 1088 dici,
379 1046 536 1091 suspendi,
550 1047 598 1080 vel
615 1046 881 1080 excommunicari
894 1057 957 1080 non
969 1057 1037 1091 pos-

294 1100 356 1133 sint
374 1110 431 1143 per
454 1100 573 1133 litteras
597 1100 785 1143 apostolicas
800 1110 866 1133 non
889 1100 1037 1134 facientes

294 1154 419 1197 plenam
450 1157 480 1188 et
511 1163 691 1197 expressam
726 1164 762 1186 ac
794 1153 832 1186 de
864 1153 962 1186 verbo
998 1152 1037 1186 ad

295 1207 426 1241 verbum
444 1207 482 1240 de
500 1207 620 1240 indulto
634 1206 815 1240 huiusmodi
834 1207 1035 1241 mentionem.

294 1260 438 1294 Ceterum
454 1260 584 1293 dilectos
599 1259 682 1293 filios
697 1259 862 1293 universos
879 1265 909 1293 et
934 1260 1037 1303 singu-

294 1313 341 1347 los
355 1312 495 1346 eiusdem
513 1313 772 1356 Congregationis
792 1312 959 1346 canonicos
978 1314 1037 1346 sus-

294 1367 462 1410 sraganteS,
481 1376 563 1399 nunc
577 1371 606 1399 et
618 1377 677 1410 pro
696 1371 840 1410 tempore
858 1366 1036 1407 existentes,

294 1425 423 1463 paterne
440 1419 471 1451 in
484 1419 617 1453 Domino
631 1420 796 1454 hortamur
812 1425 842 1453 et
861 1430 1036 1460 monemus,

296 1478 329 1506 ut
345 1473 376 1506 in
396 1473 557 1517 suffragiis
573 1473 719 1516 serendis,
736 1474 821 1506 nulla
839 1473 951 1516 carnis,
970 1484 1038 1507 san-

295 1527 409 1570 guinis,
433 1532 487 1560 aut
511 1528 640 1560 alterius
665 1527 814 1560 mundani
839 1527 967 1560 affectus
991 1538 1037 1560 ra-

295 1581 378 1615 tione
402 1581 528 1623 habita,
549 1581 604 1614 sed
628 1581 731 1614 solum
754 1581 853 1614 Deum
885 1585 914 1613 et
938 1580 1036 1624 ipsius

294 1634 554 1677 Congregationis
577 1634 744 1668 utilitatem
769 1644 845 1678 prae
870 1634 969 1667 oculis
985 1634 1036 1666 lia-

294 1687 414 1729 bentes,
430 1688 475 1720 sic
498 1688 680 1731 procedant,
699 1692 733 1720 ut
749 1687 819 1720 talis
842 1697 968 1730 semper
985 1686 1038 1719 eli-

295 1747 397 1784 gatur,
423 1742 523 1786 qualis
547 1742 603 1775 Dei
627 1742 785 1786 obsequiis
810 1747 841 1775 et
864 1742 1038 1785 Congrega-

296 1795 388 1829 tionis
402 1795 540 1828 eiusdem
555 1806 709 1840 prospero
723 1795 870 1839 regimini
890 1806 925 1828 ac
940 1795 1037 1839 quieti

296 1854 326 1882 et
350 1850 567 1893 tranquillitati
591 1855 682 1894 aptus
708 1855 738 1883 et
762 1850 893 1883 idoneus
910 1860 977 1883 esse
995 1850 1039 1882 iu-

296 1902 460 1935 dicabitur.
485 1903 598 1936 Datum
611 1904 738 1945 Romae,
752 1903 836 1947 apud
852 1903 881 1936 S.
900 1903 1038 1944 Petrum,

297 1956 346 1989 die
364 1966 381 1989 v
400 1956 549 1989 februarii
568 1967 698 1998 mnxcw,
718 1956 919 2001 pontificatus
939 1957 1038 1990 nostri

297 2019 378 2044 anno
404 2020 444 2043 1v.

343 2063 482 2098 Clemens
506 2065 601 2108 Papa
630 2063 719 2098 VIII.
738 2064 820 2097 Alias
837 2075 893 2108 per
917 2068 1039 2098 nostras

298 2117 328 2149 in
350 2117 451 2150 forma
476 2117 582 2150 Brevis
608 2117 726 2152 litteras
746 2118 804 2151 sub
824 2117 931 2151 datum
953 2117 1003 2150 die
1020 2128 1038 2150 v
1055 2133 1057 2141 ι

299 2170 447 2204 februarii
468 2181 595 2211 MDxcvl,
615 2171 816 2215 pontificatus
832 2170 932 2204 nostri
957 2181 1057 2203 anno³

301 2231 341 2264 1v,
359 2224 526 2268 expeditas,
543 2225 694 2258 nonnulla
707 2224 790 2257 circa
804 2224 972 2257 electiones
986 2234 1040 2266 ge-
1055 2233 1057 2257 1

301 2276 414 2310 neralis
437 2283 467 2310 et
490 2278 624 2311 aliorum
649 2282 810 2312 rectorum
834 2283 864 2311 et
883 2277 1040 2321 praelato-

302 2340 382 2370 rum,
398 2340 433 2363 ac
452 2331 634 2364 officialium
658 2331 917 2375 Congregationis
943 2330 1039 2364 saneti
1055 2355 1057 2367 2

302 2383 424 2416 loannis
448 2384 655 2428 evangelistae
672 2385 729 2418 sub
747 2386 857 2428 regula
879 2390 909 2418 et
931 2384 1040 2417 habitu
1056 2425 1057 2428 Ἴ

301 2436 329 2469 S.
348 2436 529 2479 Georgii-in
551 2438 629 2481 Alga
649 2438 847 2472 Venetiarum
877 2438 908 2471 in
933 2439 1040 2471 Portu-

301 2489 413 2533 galliae
436 2490 542 2533 regnis
566 2491 724 2524 institutae
752 2497 906 2536 perpetuo
931 2492 1040 2524 obser-

302 2543 400 2576 vanda
425 2542 638 2577 ordinavimus
673 2550 703 2578 et
735 2545 916 2586 statuimus,
946 2551 1040 2589 prout

301 2597 332 2629 in
357 2596 474 2629 eisdem
500 2596 620 2639 litteris,
637 2608 770 2641 quarum
794 2604 935 2632 tenorem
954 2607 1058 2642 prae-¹

303 2649 459 2692 sentibus,
485 2660 520 2682 ac
545 2649 568 2682 si
594 2650 632 2682 de
655 2651 751 2684 verbo
776 2651 814 2683 ad
837 2651 967 2684 verbum
993 2652 1041 2684 in-

410 2712 488 2740 Ball.
511 2712 591 2740 Rom.
607 2727 641 2732 -
662 2712 720 2739 Vol.
741 2712 822 2740 XIII.
967 2713 1002 2740 40

1065 302 1234 339 sereretur,
1260 307 1319 340 pro
1344 305 1492 340 expresso
1516 294 1625 327 haberi
1651 294 1806 336 volumus,

1065 351 1187 394 plenius
1207 350 1393 383 continetur.
1417 349 1560 383 Volentes
1576 353 1691 390 autem,
1709 352 1742 380 ut
1759 358 1808 381 or-

1066 403 1239 437 dinationes
1264 409 1293 436 et
1318 406 1431 437 statuta
1463 401 1642 435 huiusmodi
1673 401 1807 434 firmiter

1066 456 1195 489 omnino
1224 460 1316 499 atque
1341 456 1486 489 inviolate
1510 455 1731 497 observentur,
1757 464 1807 487 ne-

1066 518 1127 551 que
1141 508 1290 541 adversus
1304 509 1371 541 illas
1385 509 1576 552 quicumque
1590 508 1695 552 aliquo
1714 513 1807 552 pacto

1067 562 1184 595 directe
1221 562 1268 595 vel
1304 561 1456 594 indirecte
1480 562 1587 594 venire
1622 562 1669 594 vel
1706 562 1808 595 facere

1067 619 1278 658 praesumant,
1296 614 1503 657 opportunius
1519 615 1703 658 providere,
1721 619 1808 648 motu

1067 668 1197 711 proprio
1222 672 1252 700 et
1276 678 1312 699 ex
1338 669 1423 700 certa
1448 667 1594 708 scicntia,
1623 669 1808 711 maturaque

1067 721 1292 754 deliberatione
1309 722 1428 760 nostra,
1442 731 1477 753 ac
1494 721 1532 752 ‹le
1548 721 1738 763 apostolicae
1755 732 1810 765 po-

1068 774 1187 808 testatis
1211 773 1420 818 plenitudine,
1442 784 1657 817 quascumque
1682 774 1809 807 electio-

1069 840 1123 862 nes
1136 829 1302 871 generalis,
1320 829 1366 861 vel
1382 828 1516 861 aliorum
1538 832 1709 869 rectorum,
1724 838 1810 871 prae-

1068 884 1214 924 latorum,
1240 882 1438 926 superiorum
1460 887 1490 914 et
1510 881 1692 915 officialium
1709 881 1811 914 dictae

1068 936 1326 979 Congregationis
1344 940 1453 968 contra
1477 939 1507 968 et
1530 940 1656 978 praeter
1676 935 1810 967 sormam

1069 990 1223 1023 dictarum
1249 989 1436 1029 litterarum,
1456 987 1644 1032 praesertim
1670 998 1744 1021 vero
1773 987 1811 1020 ad

1069 1053 1342 1087 quarumcumque
1358 1052 1566 1087 personarum
1586 1047 1649 1074 tam
1667 1041 1811 1075 ecclesia-

1070 1097 1229 1138 sticarum,
1243 1108 1442 1141 quacumque
1459 1096 1553 1129 etiam
1569 1095 1749 1140 episcopali,
1766 1106 1812 1128 ar-

1070 1150 1296 1195 chiepiscopali
1322 1155 1352 1183 et
1376 1150 1489 1183 maiori
1514 1149 1664 1192 dignitate
1681 1154 1711 1182 et
1734 1159 1812 1193 qua-

1070 1215 1205 1248 cumque
1229 1209 1381 1248 potestate
1405 1203 1620 1247 sungentium,
1649 1213 1743 1246 quam
1767 1213 1812 1236 se-

1070 1258 1235 1298 cularium,
1260 1257 1352 1290 etiam
1377 1256 1578 1301 quantumvis
1602 1256 1752 1289 eminenti
1783 1259 1814 1289 et

1070 1312 1197 1355 speciali
1222 1313 1294 1345 nota
1320 1311 1415 1354 digna
1432 1313 1584 1355 potestate
1609 1314 1639 1342 et
1662 1309 1812 1352 dignitate

1070 1365 1344 1410 praefulgentium,
1363 1364 1622 1404 nominationem,
1636 1368 1812 1407 praesenta-

1071 1419 1196 1461 tionem,
1215 1418 1403 1460 instantiam,
1422 1428 1533 1462 preces
1558 1422 1587 1450 et
1615 1416 1813 1450 intercessio-

1070 1483 1154 1513 nem,
1167 1472 1335 1514 saciendas,
1349 1472 1450 1504 nullas
1462 1481 1594 1514 prorsus
1608 1475 1637 1503 et
1651 1469 1811 1510 invalidas,

1071 1526 1248 1569 irritasque,
1267 1536 1302 1558 ac
1322 1524 1438 1557 nullius
1455 1523 1579 1557 roboris
1596 1524 1643 1556 vel
1661 1523 1813 1556 momenti

1070 1580 1137 1612 sore
1161 1584 1191 1612 et
1216 1589 1294 1619 esse,
1316 1589 1352 1611 ac
1368 1578 1486 1611 nemini
1511 1578 1683 1610 electorum
1707 1577 1812 1620 aliquo

1070 1638 1162 1676 pacto
1188 1632 1373 1675 suffragari,
1394 1632 1536 1675 quinimo
1554 1636 1663 1664 contra
1683 1642 1746 1673 eos,
1760 1632 1813 1674 qui

1071 1686 1119 1719 his
1136 1686 1241 1719 minus
1261 1685 1409 1728 legitimis
1430 1685 1604 1718 rationibus
1621 1684 1659 1717 ad
1676 1685 1815 1727 regenda

1071 1738 1283 1780 monasteria,
1316 1739 1481 1782 ipsamque
1508 1737 1813 1780 Congregationem,

1071 1804 1126 1826 seu
1150 1793 1211 1826 alia
1235 1803 1453 1836 quaecumque
1478 1792 1580 1825 officia
1606 1802 1638 1824 se
1663 1791 1736 1834 eligi
1768 1792 1814 1825 vel

1072 1847 1187 1879 assumi
1211 1846 1452 1890 procuraverint
1470 1856 1526 1889 per
1550 1856 1582 1878 se
1600 1851 1652 1878 aut
1669 1856 1727 1889 per
1743 1856 1815 1889 per-

1072 1911 1164 1934 sonas
1188 1900 1388 1944 interpositas
1406 1899 1633 1932 ecclesiasticas
1661 1904 1714 1932 aut
1731 1910 1815 1932 secu-

1072 1955 1152 1987 lares
1166 1964 1367 1998 quocumque
1381 1957 1543 1997 praetextu
1562 1958 1612 1985 aut
1628 1953 1744 1993 colore,
1758 1963 1816 1996 per

1073 2007 1213 2041 eiusdem
1237 2006 1496 2050 Cougregationis
1521 2006 1701 2050 superiores
1720 2016 1817 2049 quan-

1073 2062 1249 2105 documque
1266 2061 1405 2105 procedi,
1420 2065 1459 2102 et,
1474 2061 1519 2093 rei
1533 2060 1662 2092 veritate
1680 2059 1816 2102 cognita,

1073 2114 1236 2158 condignis
1260 2114 1371 2158 poenis
1396 2113 1426 2146 in
1451 2113 1618 2157 praedictis
1635 2112 1748 2145 litteris
1764 2124 1817 2145 ex-

1073 2170 1201 2213 pressis,
1219 2174 1250 2202 et
1267 2174 1427 2212 tamquam
1448 2167 1592 2211 publicae
1617 2167 1717 2199 dictae
1738 2167 1816 2199 Con-

1074 2222 1267 2265 gregationis
1308 2221 1422 2265 quietis
1460 2220 1700 2264 perturbatores
1735 2219 1816 2252 affici

1074 2286 1166 2320 posse
1185 2279 1214 2309 et
1238 2275 1373 2313 debere3
1399 2273 1543 2306 similiter
1569 2273 1663 2306 etiam
1698 2272 1817 2316 praesi—

1074 2330 1198 2362 dentem
1231 2328 1358 2372 capituli
1384 2327 1540 2371 generalis
1571 2331 1601 2359 ct
1625 2326 1816 2367 visitatores,

1074 2387 1287 2428 praesentatos
1321 2388 1373 2415 aut
1408 2382 1524 2414 electos
1562 2391 1617 2413 seu
1655 2380 1767 2414 missos
1801 2391 1819 2412 a

1074 2447 1270 2482 quacumque
1295 2437 1440 2480 persona,
1467 2440 1501 2468 ut
1525 2435 1714 2478 praefertur,
1741 2445 1818 2478 qua-

1075 2492 1119 2524 vis
1143 2490 1293 2533 dignitate
1319 2488 1529 2522 ecclesiastiea
1562 2492 1615 2521 aut
1639 2487 1818 2528 mundana,

1074 2544 1274 2589 quantumvis
1299 2542 1425 2586 speciali
1457 2543 1531 2575 nota
1565 2541 1680 2584 digna,
1705 2546 1735 2574 et
1759 2541 1819 2573 alia

1075 2607 1274 2642 quacumque
1291 2595 1537 2640 praeeminentia
1555 2595 1693 2638 fulgente
1711 2599 1820 2627 contra

1057 2662 1131 2684 ,seu
1155 2655 1280 2695 praeter
1304 2650 1439 2682 sormam
1464 2653 1647 2682 nostrarum
1672 2647 1819 2682 constitu-

1710 234 1775 269 313
1822 245 1870 272 An.
1885 245 1913 271 c.
1937 244 2004 271 ¹625
