2269 3235
70 293 120 320 An.
136 293 165 321 G.
184 292 252 321 1626

266 340 370 384 (etiam
382 340 812 382 iuramento,confirmatione
821 341 1002 384 apostolica,

265 395 312 427 rel
331 395 439 438 quavis
459 395 606 428 firmitate
622 395 682 427 atta
701 394 868 437 roboratis)
883 393 1004 426 statutis

266 453 295 481 et
313 449 601 489 consuettulinibus,
618 448 790 492 privilegiis
807 458 940 491 quoquc,
961 447 1002 479 in-

267 501 360 534 dultis
376 508 406 535 et
423 503 533 535 litteris
556 501 744 546 apostolicis,
762 501 792 533 in
810 500 1003 533 contrarium

267 556 513 598 praemissorum
555 554 791 599 quomodolibet
826 553 1004 593 concessis,

268 609 460 642 confirmatis
485 615 515 642 et
538 607 699 641 innovatis.
716 607 835 646 Quibus
859 607 1006 640 omnibus

269 667 298 694 et
323 662 467 705 singulis,
494 662 621 695 illorum
646 660 787 693 omnium
813 664 842 692 et
866 660 1005 702 singulo-

268 727 339 748 rum
369 721 492 749 tenores
522 713 740 758 praesentibus
769 724 828 757 pro
860 714 952 757 plene
977 719 1007 746 et

269 769 458 802 sufficienter
486 769 642 812 expressis
673 779 709 801 ac
740 768 778 800 ad
802 768 933 800 verbum
959 768 1006 800 in-

270 822 360 855 sertis
384 822 549 862 habentes,
574 821 635 853 illis
659 821 735 853 alias
760 821 791 853 in
812 832 868 854 suo
892 821 1007 854 robore

268 874 492 917 permansuris,
517 874 555 906 ad
579 874 825 918 praemissorum
851 874 1007 916 effectum,

268 927 327 959 hae
344 927 410 960 viee
430 927 600 967 dumtaxat,
621 927 799 971 specialiter
816 931 844 961 et
861 938 1009 971 expresse

269 979 467 1023 derogamus,
493 981 668 1024 ceterisque
693 981 860 1014 contrariis
884 981 1009 1025 quibus-

270 1044 414 1077 cumque.

313 1088 425 1120 Datum
450 1088 577 1129 Romae,
602 1089 684 1132 apud
709 1090 737 1122 S.
762 1089 890 1122 Mariam
915 1088 1009 1122 Maio-

270 1152 348 1182 rem,
363 1141 421 1174 sub
441 1143 555 1175 annulo
575 1143 752 1184 Piscatoris,
769 1143 818 1175 die
838 1153 858 1175 x
880 1148 1011 1186 septem-

270 1195 337 1227 bris
354 1205 505 1237 nncxxw,
526 1196 726 1239 pontificatus
742 1196 842 1229 nostri
868 1206 949 1229 anno
967 1206 1008 1229 iv.

307 1257 365 1285 Dat.
383 1257 425 1285 die
441 1259 474 1286 10
488 1258 649 1294 septembris
667 1259 743 1294 1626,
760 1258 854 1294 pontif·
870 1267 939 1286 anno
955 1266 992 1287 iv.

582 1374 701 1408 CCXVI.

272 1444 446 1478 [natalium
471 1445 694 1478 ecclesiasticis
709 1445 804 1488 requi
822 1445 1009 1486 Sardiniae,

318 1503 354 1531 ul
366 1499 489 1543 possint
500 1499 681 1532 subsidium
690 1499 933 1542 qnadrinqenta
942 1498 1014 1531 mil-

321 1553 403 1586 lium.
419 1558 594 1595 scutorum,
612 1555 678 1586 unzi
695 1564 768 1586 etim
781 1553 921 1585 subditis
931 1553 1014 1585 eius-

319 1606 391 1639 dem
415 1608 519 1650 requi,
547 1607 616 1650 regyi
633 1607 789 1639 catholico
806 1604 1012 1650 persolt'ere¹.

277 1677 457 1705 charissimo
478 1679 508 1704 in
530 1678 646 1705 christo
667 1678 729 1705 filio
749 1680 849 1705 nostro
867 1677 1013 1711 Philippo,

407 1722 618 1756 Hispaniarum
636 1722 699 1756 regi
720 1721 882 1754 catholico,

480 1776 616 1802 Urbanus
637 1776 716 1809 Papa
735 1775 811 1803 v111.

374 1838 553 1865 Charissime
569 1838 600 1865 in
617 1838 733 1865 Christo
749 1837 793 1864 fili
807 1839 921 1869 noster,

317 1883 446 1910 salutem
467 1886 497 1910 et
517 1884 711 1916 apostolicam
730 1883 979 1910 benedictionem.

324 1944 464 1977 Eximius
488 1945 656 1978 maiestatis
680 1950 751 1978 tuae
776 1945 968 1978 orthodoxae
986 1944 1018 1976 si-

280 1997 329 2030 dei
347 1998 577 2036 conservandae
591 2004 621 2031 et
637 1998 856 2042 propagandae
874 1999 967 2040 zelus,
983 2008 1018 2030 ae

281 2050 447 2093 singularis
466 2062 540 2094 erga
556 2061 613 2084 nos
630 2057 659 2084 et
675 2052 888 2095 Apostolieam
907 2051 1017 2084 Sedcm

281 2104 423 2145 devotio,
449 2105 571 2148 aliaque
595 2106 756 2148 praeclara
787 2105 898 2138 merita
927 2105 1018 2148 plane

281 2158 424 2200 exigunt,
448 2164 481 2191 ut
506 2159 643 2191 subsidia
675 2170 733 2203 pro
762 2159 900 2192 eiusdem
926 2158 1018 2199 tidei,

281 2215 469 2255 tuorumque
493 2223 665 2255 regnorum
702 2218 732 2245 et
759 2213 957 2245 subditorum
982 2212 1019 2244 ab

282 2263 425 2297 hostibus
448 2266 521 2298 fidei
541 2266 721 2299 defensione
745 2267 784 2299 ab
809 2266 926 2299 eisdem
950 2266 1021 2299 sul]-

284 2317 355 2350 ditis
367 2318 427 2350 tuis
443 2324 552 2362 sponte
571 2320 683 2360 oblata,
705 2324 856 2363 quantum
874 2330 946 2352 cnm
963 2320 1020 2352 Do-

284 2370 370 2403 mino
386 2382 561 2414 possumus,
580 2373 772 2406 adiuvemus.

329 2424 383 2467 §2
400 2425 518 2468 Exponi
533 2426 686 2469 siquidem
699 2426 789 2459 nobis
803 2426 912 2467 fecisti,
926 2425 1020 2469 quod,

285 2488 355 2510 curn
380 2489 481 2522 nuper
505 2479 608 2512 dilecti
638 2480 695 2512 filii
724 2480 839 2513 subditi
863 2479 953 2521 regni
978 2479 1021 2513 tui

285 2531 468 2574 Sardiniae,
497 2533 798 2575 animadvertentes,
826 2533 1021 2577 praedictum

286 2584 446 2618 Sardiniae
470 2596 546 2629 prae
570 2586 638 2619 aliis
661 2587 766 2630 regnis
792 2587 852 2620 tuis
876 2587 1023 2620 barbaro-

285 2650 356 2673 rum
373 2645 403 2673 et
419 2640 554 2673 aliorum
571 2641 743 2685 piratarum
762 2641 1022 2683 infestationibus,

324 2705 333 2730 1
352 2704 389 2731 Ex
404 2704 512 2740 Regest.
528 2704 554 2731 in
569 2704 672 2733 Secret.
689 2705 768 2733 Brev.

125 1955 236 1977 Emi-«unm
252 1962 264 1976 a

81 1984 137 2007 regis
145 1984 222 2004 meritis
229 1989 265 2010 pe-

82 2012 151 2030 tnum.

125 2433 269 2455 Ecclesiastici

85 2462 127 2482 un'a
144 2467 188 2481 cum
210 2460 269 2481 laicus

86 2488 202 2508 subsidium
224 2487 269 2512 regi

87 2515 181 2536 offerunt.

874 293 1016 317 URBANUS
1040 293 1096 316 vltt
1120 294 1168 317 Pr.

1686 282 1750 314 493

1038 340 1249 373 invasionibus
1266 345 1293 373 et
1311 340 1547 384 direptionibus,
1564 339 1682 372 obeins
1700 339 1776 371 At'ri-

1038 405 1133 427 eanae
1158 405 1231 427 orae
1252 394 1463 434 vicinitatem,
1489 393 1664 436 expositum
1690 403 1776 433 esse,

1039 448 1178 479 eaindeiu
1191 458 1264 479 xero
1276 447 1466 479 maiestati-m
1481 452 1575 485 tuam,
1589 457 1645 490 pro
1658 446 1779 488 religio-

1039 500 1087 531 nis
1104 501 1274 532 catholicae
1292 511 1325 532 ac
1344 501 1539 532 obedientiae
1558 510 1633 541 erga
1650 500 1678 531 S.
1698 500 1730 531 l'i.
1746 499 1777 531 li.

1040 552 1297 585 conscrvati0nc¹
1320 553 1349 585 in
1376 553 1436 585 tuis
1460 559 1487 585 et
1515 553 1628 586 exteris
1654 552 1779 585 ditioni-

1040 605 1097 638 bus
1115 616 1150 638 ac
1167 605 1283 648 regnis,
1300 606 1429 648 aliisque
1447 606 1640 647 gravissimis
1658 605 1781 637 assidue

1041 659 1219 702 sumptibus
1233 659 1349 701 urgeri,
1369 669 1523 691 summam
1542 659 1782 701 quzulringento-

1042 724 1111 745 rum
1130 712 1263 745 millium
1282 717 1442 745 scutorum
1461 712 1561 755 spatio
1578 712 1716 755 quinque
1733 723 1782 744 an-

1041 777 1165 807 norum,
1191 766 1370 808 octuaginta
1395 765 1537 798 videlicet
1561 776 1619 808 pro
1643 766 1783 808 quolibet

1042 819 1139 860 anno,
1164 819 1402 863 persolvendam
1427 830 1484 862 pro
1515 818 1586 850 fidei
1613 819 1783 851 catholicae

1042 872 1231 915 defensione,
1253 883 1375 906 necnon
1396 872 1552 916 praesidio
1573 872 1658 904 mille
1687 877 1717 904 et
1732 871 1784 903 dn-

1044 932 1206 959 centorum
1228 926 1362 959 militum
1380 926 1411 958 in
1432 926 1542 959 eodeni
1563 935 1662 968 regno
1679 936 1785 957 manu-

1044 979 1194 1021 tenendo,
1221 985 1251 1012 et
1274 980 1349 1012 alias
1377 979 1556 1020 civitatum,
1580 978 1706 1011 urbium
1723 1006 1730 1019 ,
1756 983 1785 1011 et

1044 1034 1186 1067 locorum
1212 1034 1453 1075 maiitimorum,
1480 1039 1694 1077 portunmque
1711 1032 1784 1065 dieti

1044 1087 1134 1130 regni
1153 1092 1268 1120 contra,
1281 1087 1490 1119 barbarorum
1508 1091 1538 1119 et
1555 1086 1687 1119 aliorum
1707 1086 1786 1129 pira-

1044 1145 1147 1173 tarum
1173 1140 1307 1184 impetus
1332 1140 1543 1173 infestationes
1580 1145 1672 1183 atque
1697 1140 1784 1172 dire-

1045 1194 1168 1237 ptiones
1193 1193 1383 1234 defensione,
1411 1194 1441 1226 in
1467 1194 1561 1226 certis
1586 1193 1727 1226 terminis
1752 1203 1786 1225 ac

1046 1248 1139 1281 modo
1160 1253 1189 1281 et
1206 1248 1307 1281 forma
1331 1253 1405 1280 tunc
1426 1248 1582 1291 expressis
1606 1258 1661 1280 sen
1685 1247 1788 1290 expri-

1046 1301 1167 1333 mendis
1189 1301 1385 1344 exigcndam,
1403 1300 1555 1333 maiestati
1582 1306 1652 1333 tuae
1677 1305 1788 1343 sponte

1047 1354 1241 1394 obtulissent,
1263 1354 1458 1388 venerabiles
1483 1355 1598 1387 fratres
1622 1353 1789 1397 archiepis-

1047 1408 1133 1451 copi,
1155 1408 1293 1452 episcopi
1318 1413 1348 1441 et
1372 1408 1538 1441 universae
1563 1418 1717 1451 personae
1742 1417 1788 1439 ec-

1047 1461 1239 1494 clesiasticae
1256 1462 1395 1494 eiusdem
1411 1462 1499 1504 regni
1511 1462 1542 1493 in
1559 1461 1694 1494 comitiis
1711 1461 1790 1493 eius-

1047 1514 1118 1546 dem
1136 1514 1225 1557 regni
1244 1515 1461 1557 congregatis2
1473 1515 1503 1547 in
1518 1515 1672 1548 solutione
1690 1514 1789 1547 dietae

1048 1578 1189 1600 summae
1214 1578 1273 1610 pro
1294 1570 1379 1601 certa
1404 1570 1484 1610 rata7
1510 1573 1619 1601 nostro
1644 1572 1673 1600 et
1697 1567 1790 1600 liuius

1048 1621 1177 1654 Sanctae
1203 1621 1290 1653 Sedis
1310 1621 1477 1654 accedente
1493 1621 1696 1665 heneplacito,
1720 1631 1790 1654 con-

1049 1684 1178 1706 currere
1202 1673 1346 1706 similiter
1363 1679 1473 1717 sponte
1497 1678 1526 1708 et
1550 1674 1648 1707 libere
1673 1674 1791 1706 obtule-

1049 1733 1123 1760 runt
1139 1733 1169 1760 et
1189 1728 1412 1771 promiserunt.

1094 1782 1109 1824 ξ
1132 1780 1162 1814 3.
1187 1782 1262 1815 Cum
1289 1787 1404 1822 autem,
1430 1781 1509 1814 sicut
1534 1781 1643 1814 eadem
1668 1781 1791 1825 exposi-

1050 1835 1093 1867 tio
1118 1835 1337 1877 subiungebat,
1357 1846 1391 1868 ex
1417 1845 1453 1868 eo
1479 1835 1563 1878 quod
1587 1846 1644 1879 per
1667 1836 1792 1868 Latera-

1050 1898 1146 1921 nense
1178 1889 1347 1921 concilium
1382 1888 1551 1921 novissime
1577 1889 1792 1929 celebratum,

1051 1941 1254 1986 diversasque
1268 1943 1343 1975 alias
1357 1942 1523 1976 canonicas
1536 1942 1721 1983 sanctiones,
1736 1943 1793 1975 sub

1052 1996 1184 2029 diversis
1213 1996 1354 2029 censuris
1379 2000 1409 2030 et
1432 1996 1540 2040 poenis
1572 2002 1717 2029 caveatur
1742 2006 1794 2029 ex-

1052 2060 1170 2093 presse,
1187 2060 1226 2082 ne
1243 2061 1344 2092 reges,
1357 2050 1516 2094 principes
1527 2056 1553 2083 et
1569 2050 1620 2082 alii
1638 2050 1795 2082 seculares

1052 2103 1255 2145 magistratus
1279 2104 1317 2136 ab
1343 2104 1601 2147 archiepiscoffls,
1627 2103 1794 2146 episcopis,

1053 2157 1228 2197 abbatibus,
1254 2161 1281 2190 et
1304 2157 1372 2189 aliis
1396 2157 1539 2200 personis
1564 2156 1794 2195 ecclesiasticis,

1054 2211 1147 2243 etiam
1173 2216 1282 2255 sponte
1307 2211 1521 2250 offerentibus,
1542 2211 1677 2253 aliquam
1703 2220 1797 2253 pecu—

1054 2265 1176 2297 niarum
1202 2275 1359 2297 summam
1385 2264 1448 2297 sive
1474 2264 1710 2296 subventionem
1737 2263 1797 2295 exi-

1054 2323 1128 2361 gant
1152 2323 1204 2350 aut
1228 2318 1399 2361 recipiant,
1424 2318 1570 2350 maiestas
1600 2323 1652 2349 tua
1685 2328 1720 2349 ac
1751 2317 1796 2350 tui

1055 2371 1137 2403 illius
1151 2371 1240 2414 regni
1259 2371 1393 2404 ministri
1418 2370 1575 2409 dubitetis,
1593 2375 1692 2402 ratam
1709 2380 1796 2413 prae-

1055 2425 1169 2457 dictam
1202 2425 1400 2468 recipiendo,
1434 2434 1582 2457 censuras
1618 2428 1647 2457 et
1678 2434 1796 2467 poenas

1055 2477 1231 2522 praedictas
1252 2478 1414 2510 incurrere
1432 2482 1461 2510 et
1478 2478 1583 2510 forsan
1608 2477 1795 2517 incurrisse,

1056 2537 1085 2564 et
1108 2536 1283 2575 propterea,
1302 2542 1360 2575 pro
1382 2536 1452 2564 tuae
1477 2536 1505 2563 et
1531 2530 1687 2564 dictorum
1709 2531 1798 2563 mini-

1056 2589 1193 2619 strorum
1207 2585 1416 2618 conscientiae
1433 2585 1546 2629 quiete,
1563 2585 1654 2618 nobis
1671 2585 1798 2618 humili-

1092 2658 1103 2684 1
1122 2657 1191 2684 Edit.
1209 2657 1286 2684 Main.
1304 2656 1386 2684 habet
1399 2657 1643 2685 conservationem
1660 2658 1698 2691 (u.
1715 2658 1762 2688 Τ,).

1091 2702 1106 2729 2
1122 2703 1215 2737 Aptius
1231 2702 1297 2730 alias
1312 2702 1409 2738 legitur
1424 2703 1591 2737 conyressaci
1605 2708 1643 2737 tu.
1661 2703 1708 2736 T.).

1797 291 1884 317 An.C.
1908 292 1974 319 162ss

1848 1791 1890 1811 uox
1909 1793 1990 1816 ponun-

1807 1818 1860 1838 ciam
1877 1819 1898 1838 in
1908 1818 1948 1837 hoe
1962 1824 1991 1837 tn·

1807 1845 1890 1869 terponi
1919 1847 1991 1864 aucto-

1808 1872 1891 1892 ritatem
1906 1874 1965 1897 petit.
