2269 3235
110 240 159 267 An.
176 239 204 266 C.
226 238 294 266 1625

124 1519 199 1540 Forma
209 1520 229 1540 in
239 1524 287 1545 pro·

104 1545 223 1567 bationibns
253 1551 287 1566 su-

195 1573 286 1598 puritate

104 1599 212 1624 sanguinis
258 1599 287 1619 fa-

104 1626 186 1646 ciendis

105 1653 179 1672 vanda.

916 235 1058 260 URBANUS
1081 235 1138 260 vm
1162 235 1210 260 1¹1².

304 285 403 327 sione,
429 284 475 317 vel
496 283 691 318 absolutione
711 284 792 317 ullo¹
810 293 948 327 unquam
966 289 1043 317 tem-

302 347 380 380 pore
405 336 443 369 ab
477 337 731 381 archiepiscopo,
756 341 786 369 et
810 336 967 380 capitulo,
992 341 1045 368 aut

303 391 395 423 etiam
424 401 441 423 a
468 391 608 424 Romano
642 391 791 425 Pontifice
817 401 876 434 pro
901 395 1043 433 tempore

302 443 470 485 existente,
495 454 549 477 seu
573 454 591 476 a
615 443 693 477 Sede
718 443 910 487 Apostolica‚
936 441 1000 474 sive
1026 451 1043 473 a

302 498 413 540 quovis
437 497 498 531 alio
521 498 671 542 praelato,
688 501 740 530 aut
756 496 818 529 alia
842 504 1044 540 quacumque

301 552 437 594 persona
461 561 524 584 non
548 550 700 595 petendis,
721 560 823 593 neque
847 548 1042 588 obtinendis,

301 613 405 648 neque
422 604 538 637 utendo
562 603 708 644 obtentis,
726 603 773 635 vel
792 602 977 646 impetratis,
994 602 1043 635 vel

301 662 390 689 motu
412 657 543 701 proprio
563 656 622 689 sibi
639 656 807 697 concessis,
823 666 881 688 nec
899 660 969 688 ante
986 655 1042 688 hu-

301 709 437 743 iusmodi
451 709 618 743 iuramenti
631 709 885 753 praestationem,
897 713 927 742 et
936 714 1041 741 actum

302 764 478 797 confectum
493 763 531 796 de
548 763 602 796 illo
616 763 647 796 in
663 763 745 796 libro
762 762 890 806 capituli
903 762 942 795 ad
958 762 1042 795 hunc

301 816 447 849 effectum
460 815 666 857 conficiendo,
680 821 711 849 et
722 826 780 860 per
792 815 955 860 provisum
972 816 1042 849 sub-

301 869 463 913 scriptum,
490 869 521 901 in
545 869 690 902 beneficii
715 869 945 913 possessionem
971 869 1043 902 mit-

301 927 395 964 tatur,
412 933 466 955 seu
491 922 666 963 inducatur,
683 933 741 956 nec
758 922 850 966 mitti,
868 928 920 956 aut
936 922 1042 956 induci

301 976 409 1020 possit.

345 1030 434 1069 Quod
457 1030 483 1064 si
507 1030 576 1075 quis
602 1030 633 1063 in
657 1030 888 1075 possessionem
911 1030 1043 1063 alicuius

302 1092 339 1115 ex
363 1083 531 1127 praedictis
555 1084 656 1118 dictae
679 1088 805 1117 nostrae
825 1083 974 1116 ecclesiae
991 1083 1044 1116 be-

300 1136 421 1170 neficiis
441 1137 559 1181 absque
575 1137 743 1171 iuramenti
762 1137 942 1170 huiusmodi
962 1147 1044 1170 rece-

301 1190 409 1233 ptione
441 1190 597 1224 admissus
626 1190 736 1232 fuerit,
763 1191 809 1222 vel
835 1190 862 1222 ei
887 1190 1043 1234 possessio

302 1243 445 1276 beneficii
469 1243 766 1287 quomodocumque
790 1243 905 1276 tradita
929 1243 1042 1283 suerit,

301 1296 509 1338 possessionis
533 1295 712 1329 huiusmodi
731 1299 818 1329 actus
833 1306 870 1329 eo
891 1296 958 1339 ipso
975 1296 1043 1328 nul-

302 1349 360 1389 lus,
377 1349 558 1393 nulliusque
575 1349 692 1392 vigoris
709 1360 764 1382 seu
780 1349 906 1382 roboris
923 1349 1042 1389 existat,

302 1407 332 1435 et
349 1402 529 1436 huiusmodi
547 1403 711 1446 possidens
724 1413 787 1436 non
804 1413 976 1446 possessor,
990 1403 1043 1435 sed

302 1456 440 1490 intrusus
465 1462 629 1490 censeatur
653 1456 685 1489 in
709 1456 825 1489 iudicio
849 1461 880 1489 et
903 1461 997 1489 extra.

345 1509 434 1549 Quod
458 1510 716 1554 archiepiscopus
740 1520 799 1553 pro
822 1514 966 1552 tempore
983 1509 1045 1541 exi-

302 1568 396 1606 stens,
415 1563 468 1596 ubi
492 1563 630 1607 primum
648 1563 707 1596 sibi
724 1563 762 1596 ab
779 1563 884 1606 aliquo
904 1562 1043 1606 proviso,

302 1627 356 1650 seu
370 1622 582 1661 praesentato,
595 1628 649 1650 seu
660 1617 726 1650 eius
739 1622 946 1661 procuratore
956 1626 1044 1660 prae-

302 1675 439 1703 sentatae
463 1671 580 1703 fuerint
611 1671 732 1703 litterae
757 1670 962 1714 provisionis,
989 1680 1043 1702 seu

302 1724 487 1765 collationis,
504 1728 557 1758 aut
578 1723 851 1768 praesentationis,
869 1723 974 1756 statim
991 1723 1043 1756 de-

300 1782 390 1821 putet
413 1777 492 1811 duos
516 1778 683 1812 canonicos
700 1777 833 1822 praefati
857 1777 997 1821 capituli,
1014 1780 1043 1809 et

300 1841 398 1863 unum
415 1842 451 1864 ex
475 1831 606 1864 notariis
630 1831 812 1875 approbatis
838 1831 944 1864 curiae
965 1830 1043 1863 Ebo-

300 1884 412 1925 rensis,
427 1889 463 1917 ut
479 1884 657 1918 examinent
670 1888 763 1918 testes
780 1894 876 1928 super
893 1884 1043 1927 qualitate

301 1936 425 1979 generis
460 1937 580 1981 provisi
610 1947 666 1970 seu
688 1937 878 1981 praesentati
910 1936 1043 1980 petentis

300 1989 445 2023 beneficii
468 1990 714 2034 possessionem:
735 1990 788 2034 qui
805 1989 933 2034 quidem
950 1999 1042 2022 cano-

299 2043 362 2076 nici
388 2048 418 2076 et
438 2043 552 2077 notarii
578 2049 704 2077 careant
728 2043 857 2076 omnino
882 2043 1042 2086 sanguinis

301 2095 493 2141 impuritate,
520 2107 578 2131 nec
602 2097 707 2141 aliquo
724 2096 819 2130 modo
836 2107 873 2130 ex
890 2097 1043 2141 praefato-

301 2160 371 2183 rum
388 2150 599 2184 hebraeorum
624 2151 775 2194 sanguine
794 2150 994 2192 descendant,
1012 2155 1042 2183 et

303 2203 355 2245 qui
379 2203 519 2247 deputati
546 2204 663 2237 fuerint
687 2204 725 2237 ad
750 2204 924 2237 faciendam
948 2204 1041 2237 infor-

305 2256 489 2297 mationem,
514 2257 600 2290 nullo
633 2257 728 2291 modo
753 2268 786 2290 se
809 2262 957 2301 poterunt
981 2256 1042 2289 exi-

304 2318 391 2341 mere
414 2309 451 2341 ab
474 2310 526 2342 illa
548 2310 699 2351 facienda,
719 2311 899 2355 poteritque
924 2310 1041 2343 archie-

304 2360 452 2405 piscopus
474 2362 543 2396 illos
556 2368 586 2396 et
598 2364 725 2397 illorum
741 2364 914 2408 quemlibet
927 2374 1040 2407 parere

303 2420 484 2448 recusantes
500 2426 613 2459 cogere
629 2428 686 2461 per
703 2427 851 2451 censuras
873 2422 903 2450 et
924 2427 1040 2461 poenas

302 2467 509 2510 pecuniarias,
529 2479 584 2502 seu
607 2470 764 2503 fructuum
790 2480 921 2504 suorum
946 2470 1041 2502 bene-

304 2520 449 2554 ficiorum
474 2521 726 2556 subtractionem.

347 2574 437 2613 Quod
461 2574 485 2607 si
516 2575 695 2610 informatio
724 2576 865 2610 facienda
890 2577 930 2609 sit
954 2581 1041 2610 extra

341 2636 350 2663 1
371 2636 440 2665 Edit.
456 2636 534 2665 Maia.
552 2637 614 2673 legit
629 2638 709 2665 nullo
723 2639 761 2674 (a.
778 2640 827 2674 τ.).

1080 284 1191 316 urbem
1216 288 1246 316 et
1270 283 1336 316 eius
1362 282 1572 324 territorium,
1597 281 1627 314 in
1650 281 1702 313 tali
1727 291 1819 321 casu,

1080 340 1113 370 ut
1133 336 1310 380 sumptibus
1332 335 1450 380 provisi
1468 345 1522 368 seu
1541 333 1729 379 praesentati
1752 343 1821 377 par-

1081 393 1178 430 catur,
1192 389 1306 432 diriget
1323 389 1580 433 archiepiscopus
1598 388 1717 420 lita—ras
1734 396 1820 419 com-

1080 443 1238 475 missionis
1263 442 1300 475 ad
1325 443 1477 476 vicarium
1503 443 1574 483 loci,
1596 442 1626 474 in
1644 451 1706 485 quo
1727 440 1820 473 infor-

1079 496 1175 527 matio
1197 495 1337 528 facienda
1356 496 1425 536 erit,
1443 501 1476 528 ut
1494 495 1649 528 examinet
1665 498 1769 534 testes,
1790 498 1820 526 et

1079 548 1194 582 scribat
1218 549 1490 590 informationem,
1515 549 1660 592 dietaque
1692 547 1819 581 testium

1079 602 1197 636 scribat
1228 603 1330 636 scriba
1360 603 1458 646 ipsius
1489 602 1616 642 vicarii,
1647 600 1820 634 dummodo

1079 661 1220 699 uterque,
1239 661 1273 688 ut
1286 655 1500 699 supradictum
1524 660 1579 695 est,
1599 654 1716 687 nullam
1734 665 1821 698 prae-

1078 708 1131 741 fati
1145 709 1260 752 impuri
1277 708 1437 751 sanguinis
1450 707 1606 741 maculam
1620 707 1741 749 habeat,
1757 717 1820 751 quo

1078 772 1153 794 casu
1182 762 1260 794 alter
1292 762 1361 794 loco
1391 760 1538 793 inhabilis
1568 760 1741 792 sufficietur
1764 770 1821 804 per

1078 815 1369 859 archiepiscopum,
1390 818 1420 847 et
1444 814 1577 858 praefati
1601 813 1819 854 commissarii,

1079 874 1141 901 tam
1171 868 1310 912 deputati
1342 879 1379 901 ex
1409 868 1531 911 gremio
1556 867 1701 911 capituli,
1724 876 1820 911 quani

1078 922 1197 963 vicarii,
1211 922 1241 955 in
1256 922 1397 955 facienda
1414 921 1634 955 informatione
1652 920 1822 953 servabunt

1078 976 1211 1010 formam
1226 976 1370 1010 traditam
1388 975 1426 1008 ab
1443 975 1691 1019 archiepiscopo,
1704 974 1821 1007 nullus-

1078 1040 1139 1073 que
1159 1030 1246 1062 testis
1272 1029 1455 1062 admittetur
1474 1039 1491 1061 a
1509 1029 1637 1073 proviso
1658 1038 1713 1060 seu
1733 1037 1820 1071 prae-

1079 1088 1199 1116 sentato
1223 1083 1414 1127 productus,
1439 1087 1492 1115 aut
1516 1081 1569 1126 qui
1594 1081 1669 1114 alias
1695 1090 1757 1114 non
1781 1080 1820 1113 sit

1078 1136 1220 1169 idoneus.

1122 1189 1210 1228 Quod
1235 1190 1315 1223 sacta
1339 1189 1519 1222 informatio
1545 1188 1820 1231 inf01·mtisup1·a-

1079 1242 1160 1275 dicta
1176 1242 1564 1286 tradeturarchiepiscopo
1579 1252 1636 1285 per
1651 1241 1738 1273 illum
1753 1251 1820 1273 exa-

1079 1296 1236 1337 minanda,
1258 1299 1357 1340 eaque
1377 1296 1564 1336 examinata,
1580 1306 1637 1339 per
1657 1295 1818 1327 decretum

1079 1361 1169 1383 suum
1194 1350 1225 1382 in
1243 1350 1368 1394 scriptis
1390 1349 1562 1383 declarabit
1582 1348 1744 1393 provisum
1765 1358 1819 1380 seu

1078 1408 1311 1447 praesentatum
1332 1403 1469 1435 habilem
1494 1403 1531 1435 ad
1552 1402 1753 1443 beneficium,
1775 1401 1818 1433 ei-

1078 1468 1138 1500 que
1156 1456 1290 1489 dandam
1309 1461 1339 1489 et
1362 1456 1477 1489 debere
1493 1456 1561 1488 dari
1585 1455 1731 1488 beneficii
1752 1465 1820 1498 pos-

1078 1510 1263 1543 sessionem:
1282 1514 1311 1542 et
1331 1520 1402 1542 cum
1423 1509 1476 1541 tali
1493 1508 1620 1542 decreto
1640 1519 1696 1552 per
1716 1507 1817 1551 ipsum

1077 1563 1351 1606 archiepiscopum
1377 1562 1555 1606 subscripto
1587 1561 1734 1605 provisus
1757 1561 1818 1593 iam

1078 1616 1275 1660 qualificatus
1300 1616 1471 1659 capitulum
1489 1615 1596 1655 adibit,
1616 1619 1647 1647 et
1666 1619 1750 1658 petet
1769 1614 1819 1646 be-

1077 1670 1181 1702 nefieii
1199 1669 1442 1713 possessionem,
1461 1672 1491 1702 et.
1510 1668 1541 1700 in
1559 1678 1627 1700 eam
1649 1678 1665 1700 a
1683 1667 1818 1711 capitulo

1077 1723 1220 1756 mittetur
1239 1723 1270 1755 in
1287 1723 1349 1755 vim
1367 1727 1397 1754 et
1417 1721 1660 1765 exequutionem
1685 1720 1817 1764 praefati

1077 1776 1206 1817 decreti,
1224 1780 1254 1809 et
1273 1775 1390 1819 absque
1407 1775 1461 1808 illo
1477 1774 1572 1808 modo
1588 1774 1675 1807 nullo
1693 1773 1724 1806 in
1745 1783 1818 1817 pos-

1078 1830 1248 1863 sessionem
1279 1829 1438 1862 mittetur:
1463 1832 1493 1862 et
1517 1828 1542 1861 si
1567 1827 1684 1871 absque
1709 1827 1818 1860 huius-

1077 1883 1162 1916 modi
1187 1883 1324 1923 deereto,
1341 1882 1388 1915 vel
1406 1881 1525 1925 absque
1548 1881 1759 1925 praestatione
1776 1880 1819 1912 iu-

1076 1933 1221 1974 ramenti,
1235 1933 1272 1966 de
1290 1944 1352 1977 quo
1370 1942 1464 1976 supra
1481 1932 1516 1964 iit
1535 1931 1653 1964 mentio
1674 1930 1705 1963 in
1725 1931 1818 1963 tertio

1076 1987 1214 2031 capitulo
1239 1986 1332 2019 huius
1357 1985 1479 2025 statuti,
1504 1984 1736 2029 possessionem
1761 1994 1817 2027 ap-

1076 2039 1290 2083 prehenderit,
1308 2043 1338 2071 et
1361 2038 1399 2071 ad
1424 2038 1508 2070 illam
1534 2036 1727 2076 admittatur,
1749 2036 1817 2070 talis

1076 2097 1163 2126 actus
1188 2097 1218 2125 et
1241 2091 1400 2136 possessio
1424 2090 1540 2123 nullius
1564 2090 1603 2122 sit
1633 2088 1758 2122 roboris
1787 2094 1818 2121 et

1076 2146 1237 2187 momenti,
1263 2151 1292 2178 et
1316 2145 1455 2177 intrusus
1479 2144 1511 2176 in
1536 2143 1652 2176 iudicio
1676 2148 1706 2176 et
1730 2147 1817 2176 extra

1076 2200 1238 2240 habeatur,
1263 2204 1293 2231 et
1316 2199 1437 2231 fructus
1460 2208 1524 2231 non
1549 2197 1641 2230 faciat
1665 2207 1748 2237 suos,
1766 2207 1817 2229 ne—

1075 2264 1135 2296 que
1161 2253 1205 2285 illi
1224 2252 1261 2285 de
1280 2252 1341 2284 illis
1365 2252 1430 2284 ullo
1455 2250 1550 2284 modo
1574 2250 1815 2294 respondeatur,

1075 2311 1241 2350 careatque
1258 2306 1328 2338 talis
1353 2305 1492 2338 intrusus
1516 2304 1601 2337 omni
1626 2304 1748 2337 actione
1770 2314 1816 2336 re-

1075 2360 1200 2404 petendi
1234 2359 1486 2400 restitutionem,
1513 2368 1570 2391 nec
1602 2369 1634 2391 se
1665 2357 1816 2401 spoliatus

1075 2414 1178 2446 dicere
1202 2412 1310 2457 possit,
1335 2422 1392 2445 nec
1409 2411 1436 2444 ei
1457 2410 1662 2444 restitutionis
1684 2410 1722 2443 de
1747 2411 1815 2443 iure

1075 2467 1199 2500 debitae
1215 2466 1348 2509 spoliato
1364 2465 1444 2498 actio
1461 2469 1633 2509 competat;
1653 2464 1815 2497 decretum

1075 2527 1177 2554 tamen
1195 2530 1250 2553 seu
1270 2519 1440 2552 declaratio
1469 2528 1565 2562 super
1584 2518 1745 2561 sanguinis
1761 2529 1817 2561 pu-

1075 2576 1166 2607 ritate
1190 2574 1259 2606 steri
1283 2573 1395 2606 debeat
1419 2572 1499 2604 infra
1519 2582 1571 2605 sex
1592 2582 1715 2604 menses
1732 2582 1749 2603 a
1766 2571 1815 2604 die

1076 2627 1336 2672 praesentationis
1346 2626 1522 2659 litterarum
1538 2625 1741 2665 inclioandos‚
1751 2625 1816 2668 qui-

1726 222 1786 257 301
1837 231 1885 258 An.
1899 230 1928 258 c.
1953 230 2020 258 1625
