2269 3235
123 261 173 288 An.
193 259 221 288 C,
239 259 308 288 1625

157 1225 201 1246 Exe
219 1226 305 1246 uutores

217 1252 304 1272 onstitu·

120 1279 184 1299 tionis
192 1278 304 1304 designati.

120 1251 183 1272 huius

938 256 1080 282 URBANUS
1105 257 1161 281 vm
1185 257 1233 281 1³1³.

319 305 493 349 gratiarum
510 304 773 347 revocationibus,
789 304 1059 349 suspensionibus,

319 359 577 401 limitationibus‚
601 365 654 393 aut
677 360 745 393 aliis
770 358 936 393 contrariis
960 358 1060 402 dispo-

319 412 507 454 sitionibus,
539 413 766 457 comprehendi
797 413 883 446 nullo
908 422 1057 455 umquam

320 470 462 510 tempore
478 477 581 510 posse,
598 465 651 500 scd
669 476 793 509 semper
813 465 851 497 ab
868 464 929 497 illis
946 463 1058 507 excipi,

320 524 350 553 et
370 520 493 564 quoties
517 519 588 553 illae
611 518 810 559 emanabunt,
828 517 919 551 toties
942 517 973 549 in
993 517 1058 560 pri-

320 573 455 614 stinum,
479 578 510 607 et
534 583 623 615 eum,
649 572 681 605 in
705 582 768 616 quo
792 576 863 604 ante
887 570 1059 615 praemissa

321 631 419 667 erant,
444 626 670 660 validissimum
695 628 808 659 statum
829 624 997 665 restitutas,
1014 635 1060 658 re-

321 680 439 724 positas
452 683 481 714 et
493 679 632 724 plenarie
646 678 863 721 reintegratus,
876 689 912 712 ac
924 678 962 711 dc
978 688 1059 711 novo

320 733 415 767 etiam
432 733 490 766 sub
506 734 705 777 quacumque
728 731 900 776 posteriori
916 731 987 764 data
1004 741 1059 775 per

321 786 490 821 modernos
507 791 536 819 et
554 796 615 830 pro
634 791 776 830 ternpore
801 785 968 818 existentes
997 790 1060 817 tres

320 839 493 873 cardinales
517 838 550 871 in
573 838 683 872 ordine
708 838 831 882 priores
856 843 885 871 et
912 847 1055 871 camera-

318 893 402 926 rium
422 903 458 926 ac
487 891 637 925 clericum
662 892 773 925 Italum
795 896 825 924 et
855 891 1057 925 secretarium

318 946 495 991 praedictos
525 945 788 989 quandocumque
815 945 959 988 eligenda
984 955 1059 978 con-

319 1009 433 1040 cessas,
450 999 631 1042 validasque
647 1003 678 1032 et
693 999 846 1039 efficaces,
864 998 956 1032 etiam
975 998 1058 1042 quod

319 1052 350 1085 in
364 1053 490 1087 camera
503 1053 611 1085 nostra
623 1052 793 1096 apostolica
808 1052 895 1084 nullo
908 1062 1057 1095 uinquam

321 1110 464 1150 tempore
486 1105 734 1148 registrarentur
749 1110 801 1138 aut
826 1110 1060 1149 praesentaren-

321 1164 381 1200 tur,
397 1159 464 1193 sore
486 1164 519 1192 ,et
542 1168 627 1198 esse;

364 1213 379 1257 ἓ
405 1212 456 1246 19.
481 1206 604 1256 Sicque,
628 1217 659 1245 et
682 1222 744 1245 non
770 1212 855 1252 alias,
880 1222 936 1256 per
958 1223 1055 1256 quos-

320 1277 456 1310 cumque
481 1266 620 1307 iudices,
645 1266 738 1299 etiam
763 1277 929 1300 causarum
953 1267 1058 1310 palatii

320 1320 482 1365 apostolici
495 1319 665 1360 auditores,
677 1325 707 1352 et
723 1329 867 1353 camerae
880 1320 1059 1364 praedictae

319 1373 535 1417 praesidentes
554 1378 584 1406 et
608 1373 751 1414 clericos,
776 1383 899 1406 necnon
919 1373 1058 1406 eiusdem

317 1431 443 1460 sanctae
467 1427 625 1460 Romanae
656 1427 813 1460 Ecclesiae
839 1427 1058 1470 camerarium,

317 1486 348 1515 et
372 1481 449 1514 alios
473 1480 648 1514 cardinales
672 1481 808 1524 (sublata
833 1482 877 1515 eis
895 1487 924 1514 et
948 1492 1058 1515 eorum

318 1534 447 1568 cuilibet
470 1534 579 1578 quavis
607 1534 697 1567 aliter
726 1534 884 1568 iudicandi
908 1540 938 1567 et
962 1535 1059 1568 inter-

317 1588 463 1632 pretandi
487 1588 631 1621 facultate
654 1593 683 1621 et
708 1588 906 1632 auctoritate)
927 1589 1059 1622 iudicari

318 1645 348 1674 et
361 1640 484 1674 definiri
498 1641 625 1682 debere,
640 1641 764 1675 irritum
782 1652 908 1685 quoquc
926 1647 955 1674 et
968 1642 1058 1675 inane

317 1693 470 1738 quidquid
488 1704 577 1726 secus
594 1694 751 1737 superbis
767 1705 784 1727 a
801 1705 971 1738 quoquam,
988 1706 1061 1739 qua-

317 1748 363 1781 vis
394 1747 589 1787 auctoritate,
618 1747 753 1780 scienter
781 1749 827 1781 vel
860 1748 1058 1792 ignoranter,

318 1801 486 1844 contigerit
509 1801 662 1835 attentari.

362 1855 377 1899 ἓ
400 1854 452 1888 20.
477 1854 631 1894 Quocirca
656 1854 777 1889 dilectis
801 1855 873 1888 filiis
898 1856 990 1890 Urbis
1007 1867 1059 1890 no-

318 1913 400 1941 strae
426 1907 640 1951 gubernatori,
659 1913 688 1941 et
705 1919 872 1941 causarum
895 1909 1000 1943 curiae
1017 1910 1060 1943 di-

318 1967 385 1995 ctae
399 1972 541 1995 camerae
555 1962 745 2006 apostolicae
759 1963 898 2006 generali
912 1963 1057 2005 auditori,

317 2021 348 2048 et
371 2015 476 2048 dilecti
493 2014 549 2047 sitii
574 2015 674 2048 nostri
696 2015 727 2048 in
745 2015 854 2049 eadem
872 2016 964 2057 Urbe,
979 2017 1059 2050 eius-

318 2079 378 2113 que
397 2069 541 2103 districtu
563 2068 670 2102 vicarii
687 2069 718 2101 in
734 2069 950 2113 spiritualibus
967 2081 1059 2114 gene-

317 2123 392 2156 ralis
404 2122 437 2156 in
449 2121 593 2157 civilibus
607 2123 709 2156 causis
722 2123 957 2165 locumtenenti,
971 2130 1057 2159 motu

318 2176 412 2210 simili
435 2187 492 2220 per
517 2176 690 2220 apostolica
713 2177 829 2221 scripta
853 2178 1056 2220 mandamus,

319 2234 471 2273 quatenus
489 2230 559 2274 ipsi,
584 2231 631 2263 vel
656 2230 727 2272 duo,
754 2234 807 2264 aut
831 2242 911 2264 unus
935 2242 1056 2274 eorum,

318 2292 376 2326 per
392 2293 436 2323 se,
449 2283 496 2316 vel
513 2283 620 2325 alium,
636 2294 692 2317 seu
709 2284 797 2326 alios,
814 2291 995 2329 praesentes
1011 2286 1058 2319 lit-

321 2340 412 2378 teras,
428 2340 460 2369 et
476 2336 509 2369 in
525 2337 569 2370 eis
593 2342 738 2371 contenta
757 2349 986 2384 quaecumque,
1004 2340 1056 2374 ubi

320 2394 350 2422 et
362 2388 487 2433 quando
499 2400 577 2434 opus
593 2391 697 2433 suerit,
711 2402 746 2426 ac
757 2393 882 2436 quoties
898 2403 956 2437 pro
969 2399 1057 2438 parte

319 2442 463 2476 moderni
480 2448 510 2476 et
533 2454 592 2487 pro
608 2447 748 2488 tempore
769 2446 927 2479 existentis
950 2448 1056 2481 clerici

319 2496 385 2529 ltali
410 2500 441 2529 et
465 2496 625 2529 secretarii
657 2497 837 2532 huiusmodi
867 2500 983 2533 fuerint
1007 2511 1057 2534 rc-

318 2549 434 2594 quisiti,
459 2550 642 2583 solemniter
665 2552 868 2595 publicantes,
891 2554 998 2598 illique
1015 2555 1057 2587 es-

317 2603 423 2637 sicacis
456 2603 643 2653 defensionis
675 2606 832 2649 praesidio
857 2608 1036 2641 assistentes

1097 309 1179 338 tenta
1194 304 1375 338 huiusmodi
1394 305 1432 338 ab
1449 304 1605 345 omnibus,
1619 305 1656 337 ad
1674 316 1752 348 quos
1769 316 1834 349 spe-

1096 363 1157 390 ctat
1181 363 1209 391 ct
1226 369 1284 401 pro
1309 363 1450 402 ternpore
1475 356 1635 401 spectabit,
1654 358 1788 390 firmiter
1805 365 1834 391 ct

1096 411 1316 444 inviolabiliter
1340 412 1522 452 observari,
1539 422 1574 444 ac
1598 411 1784 444 modernum
1805 417 1834 444 ct

1095 474 1152 507 pro
1174 469 1315 507 tempore
1338 465 1520 497 (mistcntein
1547 465 1696 497 clericum
1722 465 1832 498 italum

1095 522 1123 549 ct
1139 517 1343 549 secretarium
1358 518 1537 551 huiusmodi
1553 518 1612 550 illis
1626 518 1754 562 pacifico
1773 518 1833 551 srui

1095 573 1122 601 el
1138 568 1285 611 gaudere,
1300 579 1361 601 non
1378 571 1595 613 permittentes
1610 581 1680 603 curn
1698 571 1834 616 desuper

1094 633 1150 667 per
1175 623 1355 656 Odoardum
1382 628 1411 655 ct
1435 624 1594 657 auditores
1627 625 1832 658 cardinalium

1094 677 1285 720 huiusmodi,
1300 688 1355 710 scu
1368 688 1585 721 quoscumque
1602 679 1688 721 alios,
1707 690 1834 722 quomo-

1094 731 1213 764 dolibet
1230 731 1367 764 indebite
1385 732 1560 772 molestari;
1586 734 1833 766 contradictores

1095 785 1251 828 quoslibet
1268 789 1297 819 et
1321 785 1454 818 rebelles
1470 796 1527 829 per
1544 796 1693 819 censuras
1714 791 1743 819 ct
1760 798 1834 830 poe-

1093 849 1149 871 nas
1166 838 1401 881 ecclesiasticas,
1422 839 1544 883 aliaque
1560 845 1739 883 opportuna
1758 841 1835 873 iuris

1095 897 1125 925 et
1148 892 1220 925 facti
1243 892 1393 933 remedia,
1417 893 1625 937 appellatione
1651 894 1834 938 postposita,

1095 947 1336 990 compescendo,
1360 957 1396 980 ac
1421 947 1606 989 sententias,
1633 958 1781 980 censuras
1806 954 1835 981 ct

1095 1009 1212 1043 poenas
1237 999 1331 1044 ipsas,
1350 1001 1472 1033 servata
1496 1001 1599 1033 forma
1623 1000 1752 1034 Concilii
1772 1001 1835 1033 Tri-

1095 1053 1223 1095 dentini,
1242 1053 1335 1087 etiam
1353 1054 1471 1088 iteratis
1489 1055 1607 1088 vicibus
1624 1055 1834 1098 aggravando,

1095 1106 1237 1140 invocato
1261 1108 1355 1140 etiam
1373 1108 1410 1140 ad
1428 1108 1498 1150 hoc,
1516 1109 1541 1140 si
1559 1119 1637 1153 opus
1658 1109 1762 1150 suerit,
1782 1120 1834 1142 au-

1095 1159 1168 1192 xilio
1192 1159 1314 1193 brachii
1339 1161 1497 1194 secularis.

1139 1214 1154 1257 ξ
1171 1213 1223 1246 ΞΞῙ.
1240 1215 1309 1248 Non
1326 1214 1522 1248 obstantibus
1539 1216 1683 1259 Gregorii
1696 1217 1833 1250 secundo

1094 1267 1184 1301 dictis
1207 1268 1329 1310 litteris,
1355 1269 1486 1313 aliisque
1511 1270 1703 1313 praemissis,
1726 1281 1762 1304 ac
1782 1281 1835 1303 no-

1095 1323 1158 1354 stra
1178 1321 1216 1354 de
1241 1332 1303 1355 non
1329 1322 1466 1356 tollendo
1492 1323 1561 1356 iure
1585 1324 1736 1367 quaesito,
1755 1324 1834 1357 aliis-

1094 1385 1154 1418 que
1179 1376 1384 1408 cancellariae
1412 1377 1590 1420 praedictae
1615 1377 1743 1420 regulis,
1775 1389 1833 1411 nec

1094 1438 1156 1461 non
1170 1428 1215 1461 Pii
1236 1429 1515 1472 praedecessorum
1529 1431 1762 1474 praedictorum
1776 1433 1833 1465 sub

1094 1482 1201 1515 datum
1226 1482 1371 1516 videlicet
1391 1494 1447 1516 vni
1467 1484 1536 1517 idus
1560 1485 1695 1527 augusti,
1713 1486 1834 1529 pontisi-

1094 1541 1180 1569 catus
1206 1537 1253 1569 sui
1278 1547 1361 1570 anno
1385 1547 1418 1570 vl
1441 1537 1634 1580 edita,i11te1·
1654 1539 1713 1571 alia
1733 1540 1835 1584 dispo-

1094 1594 1185 1622 nente
1210 1590 1294 1633 quod
1319 1601 1429 1624 omnes
1453 1592 1581 1634 gratiae,
1606 1593 1835 1638 qualecumque

1094 1653 1237 1676 camerae
1247 1644 1425 1687 praedictae
1435 1644 1586 1678 interesse
1599 1652 1834 1687 concernentes,

1094 1696 1174 1729 infra
1199 1702 1320 1730 certum
1348 1697 1426 1730 inibi
1450 1709 1636 1742 expressum
1661 1704 1784 1744 tempus
1804 1701 1836 1734 in

1094 1750 1202 1783 eadem
1239 1750 1365 1785 camera
1400 1753 1592 1795 praesentari
1618 1758 1647 1786 et
1671 1755 1834 1797 registrari

1093 1803 1235 1843 debeant,
1254 1809 1467 1847 (·t„(p1atenus
1485 1805 1515 1838 in
1533 1806 1638 1849 aliquo
1663 1808 1776 1848 obstet,
1797 1809 1836 1841 si-

1093 1855 1176 1889 milis
1201 1857 1372 1890 memoriae
1397 1858 1472 1891 Sixti
1493 1859 1513 1890 V
1534 1859 1627 1892 etiam
1651 1861 1836 1904 praedeces-

1093 1910 1173 1944 soris
1191 1921 1286 1954 super
1303 1911 1495 1946 institutione
1514 1913 1691 1957 praedictae
1717 1915 1834 1948 etalia-

1092 1974 1163 1997 rum
1191 1965 1431 2008 quatuordecim
1460 1967 1741 2009 congregatiomun
1766 1969 1832 2002 edi-

1093 2016 1162 2059 ω’,
1191 2017 1320 2061 aliisque
1354 2020 1534 2063 apostolicis
1559 2021 1833 2056 constitutionibus

1092 2076 1122 2103 et
1139 2071 1398 2115 ordinationibus,
1418 2079 1447 2106 et
1464 2074 1537 2108 dicti
1555 2075 1679 2118 collegii
1691 2075 1702 2091 ²
1719 2076 1831 2118 (etiam

1092 2124 1287 2168 iuramento,
1313 2127 1552 2161 confirmatione
1576 2129 1758 2172 apostolica,
1785 2131 1831 2162 vel

1092 2179 1200 2222 quaris
1223 2180 1282 2212 alia
1309 2181 1479 2225 roboratis)
1500 2182 1620 2215 statutis
1646 2187 1673 2215 et
1699 2193 1831 2217 consue-

1091 2234 1262 2275 tudinibus,
1287 2235 1460 2278 privilegiis
1485 2246 1621 2280 quoque,
1648 2236 1776 2269 indultis
1801 2243 1829 2270 et

1092 2286 1202 2320 litteris
1227 2288 1418 2331 apostolicis,
1439 2289 1496 2322 sub
1517 2289 1770 2334 quibuscumque
1790 2295 1832 2324 te-

1090 2340 1220 2373 noribus
1240 2347 1271 2373 et
1287 2342 1405 2383 formis,
1419 2352 1454 2375 ac
1472 2353 1541 2375 cum
1568 2343 1730 2386 quibusvis
1751 2345 1831 2377 clau-

1091 2394 1167 2426 sulis
1185 2399 1214 2427 et
1232 2394 1380 2435 decretis,
1406 2396 1498 2428 ctiam
1523 2401 1610 2429 motu
1635 2397 1828 2440 huiusmodi,

1090 2447 1182 2481 etiam
1207 2448 1475 2492 consistorialiter,
1497 2460 1532 2482 ac
1552 2450 1637 2491 alias,
1656 2451 1686 2483 in
1707 2457 1830 2484 contra-

1125 2538 1136 2564 1
1156 2537 1239 2569 Quam
1257 2537 1317 2564 vide
1332 2537 1359 2564 in
1375 2542 1440 2566 tom.
1457 2545 1514 2572 vni,
1531 2547 1592 2575 pag.
1610 2539 1662 2567 985
1677 2541 1713 2575 (11,
1730 2541 1779 2576 r).

1123 2583 1140 2609 2
1154 2582 1316 2609 Perturbate
1330 2582 1393 2609 edit.
1411 2582 1492 2610 Main.
1507 2583 1591 2611 habet
1612 2584 1738 2620 aliisque
1758 2594 1829 2621 apo-

1046 2636 1054 2649 ³
1087 2627 1193 2655 stolicis
1209 2629 1235 2654 et
1251 2627 1321 2655 dicti
1337 2628 1451 2663 colleyz'i
1465 2629 1720 2658 constitutionibus
1738 2633 1764 2657 et
1784 2639 1830 2657 or-

316 2657 430 2697 sacjant
451 2656 578 2695 easdem
601 2664 782 2704 praesentes
807 2663 836 2694 et
859 2660 890 2693 in
916 2660 960 2694 eis
985 2671 1055 2695 con—
1087 2671 1288 2700 dinattontbus
1303 2672 1340 2707 (a.
1358 2673 1407 2707 r.).

1736 249 1800 282 407
1848 259 1895 285 Λη.
1917 259 1946 285 c.
1965 258 2032 285 1625

1901 1228 2033 1247 miniandum

1850 1254 1966 1279 derogatio.
