2269 3235
264 239 312 265 An.
329 238 357 265 c.
380 238 446 266 1623
491 229 533 261 538

460 287 561 319 eisc-us
580 285 694 320 Christi
719 285 812 318 sidem
836 285 1041 328 praedicaret,
1060 295 1197 317 accesse-

461 343 508 373 rat
532 339 569 372 ad
601 349 672 372 eum
698 343 854 371 mercator
878 337 1024 381 quidam,
1049 347 1067 369 a
1091 337 1197 370 multis

461 393 549 425 annis
574 402 701 432 caecus,
727 396 851 435 petens,
876 394 909 424 ut
932 390 992 423 sibi
1017 401 1034 422 a
1058 390 1141 431 Deo,
1164 395 1198 422 ut

463 446 596 486 videret,
622 446 819 489 impetraret:
846 443 1045 484 Franciseus,
1070 443 1199 476 recitato

462 509 557 542 super
575 509 646 531 eum
663 497 836 540 evangelio,
861 497 985 539 signnm
1003 497 1106 529 crucis
1130 507 1200 529 oeu-

462 552 500 584 lis
519 552 586 584 eius
606 552 825 595 impresserat,
850 550 903 594 qui
921 550 1031 583 eodem
1049 549 1200 592 temporis

462 610 621 637 momento
646 605 747 637 lucem
779 603 924 637 amissam
950 606 1198 646 recuperaverat.

463 658 591 691 Postero
615 668 690 691 vero
713 657 778 698 die,
803 667 948 689 reversus
973 656 1011 688 ad
1036 666 1106 688 eum
1129 664 1199 687 eum

462 721 560 743 uxore
584 721 620 743 ac
643 711 790 744 universa
810 710 938 749 familia,
959 708 1090 752 genibus
1111 707 1201 739 advo-

462 764 556 804 lutuS,
572 763 689 806 gratias
708 773 814 806 agens,
835 767 864 795 et
884 761 1087 795 christianam
1106 759 1199 791 fidem

462 817 632 860 professus,
652 816 690 849 ad
714 815 860 859 baptismi
885 814 1017 857 gratiam
1042 814 1105 845 una
1129 822 1200 845 cum

464 870 527 903 suis
551 870 697 903 omnibus
721 873 916 913 pervenerat.

507 923 633 956 Exierat
665 927 768 955 autem
800 927 862 954 tam
894 920 1024 953 illustris
1056 917 1200 951 miraculi

464 976 544 1008 sama
567 986 624 1018 per
648 985 772 1008 omnem
798 979 914 1006 terram
942 973 1044 1005 illam:
1069 982 1105 1005 ac
1124 971 1202 1004 mul-

464 1028 503 1068 ti,
525 1027 642 1060 relictis
670 1027 761 1060 idolis
788 1027 866 1067 suis,
884 1025 1027 1059 conversi
1051 1029 1139 1059 erant
1163 1025 1200 1057 ad

464 1091 572 1114 verum
596 1081 695 1113 Deum
725 1085 756 1113 et
784 1080 889 1113 Iesum
913 1080 1070 1113 Christum
1100 1079 1200 1112 filium

464 1133 539 1166 eius.
575 1134 714 1177 Cumque
745 1133 858 1166 Servus
891 1133 945 1166 Dei
977 1132 1015 1165 ad
1050 1132 1139 1165 Sinas
1171 1132 1202 1164 in

465 1188 578 1229 magna
601 1186 693 1227 navi,
719 1197 780 1230 qua
804 1186 966 1229 quingenti
992 1186 1201 1226 vehebantur,

465 1240 644 1282 navigaret3
678 1245 875 1273 cessaverant
907 1239 985 1272 adeo
1024 1238 1130 1279 venti,
1169 1244 1203 1271 ut

465 1293 702 1336 quatuordecim
734 1293 844 1325 diebus
879 1293 966 1325 navis
991 1292 1101 1325 eodem
1133 1293 1203 1325 loco

467 1346 615 1379 haesisset
640 1346 778 1379 immota.
804 1346 953 1389 Cumque,
978 1346 1060 1379 inter
1083 1349 1203 1379 ceteras

466 1399 671 1439 difficultates,
696 1410 795 1443 aquae
819 1399 952 1443 penuria
976 1399 1065 1432 valde
1084 1399 1205 1432 labora-

467 1458 523 1493 ret,
541 1453 691 1496 multique
709 1453 769 1485 iam
794 1453 843 1485 siti
860 1452 1047 1492 delicerent3
1068 1452 1116 1484 vir
1133 1462 1204 1485 san-

467 1510 533 1538 ctus
557 1506 662 1538 omnia
686 1506 772 1538 navis
796 1516 867 1538 vasa
891 1506 1014 1538 marina
1038 1506 1120 1548 aqua
1150 1505 1205 1537 im-

466 1559 546 1603 pleri
563 1559 713 1593 iusserat:
732 1559 872 1603 fusisque
890 1559 1041 1592 instanter
1055 1559 1093 1591 ad
1106 1559 1204 1591 Deum

467 1613 612 1655 precibus
627 1639 634 1653 ‚
659 1623 753 1655 super
778 1615 815 1645 ea
838 1613 963 1655 signum
993 1612 1097 1645 erucis
1124 1612 1205 1645 sece-

426 1709 429 1711 -
469 1671 532 1698 rat:
550 1676 585 1699 ac
604 1669 732 1709 repente
752 1676 832 1709 aqua
849 1666 902 1698 illa
922 1666 1011 1705 salsa,
1029 1665 1138 1707 dulcis,
1161 1676 1207 1697 sa-

470 1718 631 1762 lubrisque
650 1719 760 1752 effecta
784 1724 859 1752 erat.
885 1719 951 1757 Quo
972 1719 1124 1751 miraculo
1140 1719 1207 1762 plu-

470 1782 530 1812 res,
554 1772 608 1815 qui
632 1772 663 1804 in
686 1771 757 1804 navi
782 1777 881 1812 erant,
906 1771 1047 1805 inlideles
1069 1771 1207 1804 credide-

470 1830 540 1857 rant
563 1825 595 1857 in
618 1826 735 1858 Deum:
760 1825 836 1869 quin
860 1825 954 1858 etiam
979 1835 1078 1869 aquae
1102 1825 1185 1857 illius
1199 1852 1206 1865 ‚

470 1888 549 1922 quae
578 1878 701 1911 abunde
733 1880 951 1922 superfuerat,
974 1882 1050 1921 potu
1078 1877 1207 1922 plurimi

470 1941 527 1974 per
557 1932 670 1964 multas
701 1931 859 1964 indiarum
884 1931 1061 1975 provincias
1090 1931 1207 1971 variis,

471 1985 584 2028 quibus
604 1985 805 2027 vexabantur,
822 1985 942 2018 morbis
960 1985 1058 2018 sanati
1074 1985 1206 2017 fuerant.

515 2039 560 2071 Ad
578 2039 700 2071 easdem
719 2039 807 2072 Sinas
829 2038 1029 2078 contendens,
1047 2049 1129 2078 cum,
1147 2049 1210 2071 sae-

473 2090 597 2123 vissima
627 2094 696 2124 orta
732 2096 936 2135 tempestate,
965 2102 1073 2125 omnes
1108 2092 1146 2124 de
1178 2102 1210 2124 se

471 2141 576 2177 actum
601 2155 668 2177 esse
694 2145 926 2185 existimarent,
957 2151 986 2178 et
1017 2146 1211 2188 gubernator

474 2197 580 2237 navis,
604 2207 643 2230 ne
671 2198 852 2241 repentinae
883 2199 928 2231 vis
959 2199 1116 2242 procellae
1148 2208 1212 2231 sca-

475 2251 568 2293 pham
589 2251 740 2291 auferret,
758 2251 866 2283 validis
883 2261 950 2284 eam
972 2252 1157 2284 rudentibus
1174 2251 1212 2283 ad

475 2305 651 2337 onemriam
675 2304 797 2347 alligari
829 2304 984 2342 iussisset;
1017 2315 1080 2337 non
1114 2304 1212 2337 multo

477 2362 544 2399 post
569 2357 709 2400 abruptis
738 2357 937 2397 retinaculis,
967 2358 1115 2401 scapham
1140 2362 1215 2390 tem-

479 2416 578 2452 pestas
602 2410 771 2443 abstulerat
795 2415 880 2443 tanto
906 2411 1043 2454 impetu,
1070 2416 1103 2443 ut
1135 2422 1214 2454 pene

478 2463 626 2507 temporis
650 2467 809 2498 momento
841 2464 981 2497 omnium
1012 2470 1214 2508 conspectum

477 2516 652 2559 effugisset:
678 2522 707 2550 et
730 2522 824 2560 prout
854 2518 987 2562 quisquc
1012 2525 1161 2562 cognatos
1186 2522 1216 2552 et

477 2569 670 2603 necessarios
693 2569 724 2602 in
749 2570 863 2614 scapha
895 2571 1049 2612 habebat,
1073 2571 1215 2605 certatim

480 2632 589 2655 eorum
615 2633 720 2657 casum
750 2623 913 2667 deplorare
942 2631 1097 2668 ceperant.
1124 2625 1217 2657 Fran-

1040 236 1218 260 numanum
1242 236 1260 259 R
1266 233 1397 260 ΟΜΑΝΠΜ

1231 284 1331 317 ciscus
1355 294 1431 325 ergo
1455 281 1618 314 universos
1642 281 1898 325 collacrymantes
1914 281 1968 315 bo—

1231 347 1305 369 num
1337 346 1390 368 eos
1420 335 1537 367 habere
1572 333 1712 366 animum
1748 334 1900 375 iusserat,
1932 344 1967 367 ac

1234 389 1452 433 praedixerat,
1477 388 1544 419 sore
1574 391 1609 419 ut
1632 391 1703 419 ante
1734 386 1873 420 triduum
1905 387 1969 420 filia

1234 446 1388 475 remearet
1416 439 1453 472 ad
1484 444 1639 472 matrem:
1675 437 1875 481 significans,
1907 448 1970 472 sea-

1234 496 1325 538 pham
1351 493 1389 526 ad
1421 492 1597 525 onerariam
1628 491 1823 525 redituram:
1855 496 1970 535 prout,

1234 548 1297 579 Deo
1317 546 1426 585 dante,
1451 555 1604 589 apparere
1623 545 1689 578 visa
1707 545 1818 584 suerat,
1838 548 1868 576 et
1887 549 1971 577 recte

1235 600 1273 632 ad
1297 599 1475 633 onerariam
1495 599 1636 640 tendere,
1654 603 1684 632 et
1707 602 1817 642 sponte
1834 596 1873 630 ad
1890 597 1972 630 illius

1235 654 1315 686 latus
1339 652 1489 686 accedere
1498 663 1505 693 3
1531 657 1624 695 atque
1647 652 1690 685 ita
1722 656 1792 695 apte
1822 661 1854 683 se
1878 650 1974 694 appli-

1235 716 1328 746 care,
1352 710 1387 738 ut
1418 705 1462 738 illi
1493 715 1619 746 omnes,
1644 705 1698 749 qui
1731 705 1762 737 in
1794 705 1831 737 ea
1862 708 1972 743 erant,

1235 759 1401 792 commode
1417 759 1539 803 excepti
1563 759 1709 792 fuissent:
1734 768 1814 801 quac
1832 757 1925 790 etiam
1942 756 1974 789 in

1235 812 1347 845 mediis
1372 812 1528 853 fluctibus,
1551 812 1677 845 nemine
1701 811 1786 844 illam
1810 811 1974 851 retinente,

1236 866 1354 899 tamdiu
1378 870 1524 907 steterat,
1541 866 1626 910 quod
1650 866 1839 909 religaretur
1863 864 1901 897 ad
1924 874 1975 897 na-

1236 919 1319 959 vim,
1344 919 1482 952 attonitis
1506 919 1652 952 omnibus
1676 930 1713 952 ex
1745 918 1899 952 miraculo
1930 928 1976 951 re—

1236 972 1444 1005 manentibus.

1281 1025 1325 1058 Ad
1350 1026 1509 1059 Moluchas
1533 1025 1650 1058 insulas
1674 1025 1768 1058 etiam
1792 1025 1976 1059 Franciscus

1237 1078 1426 1119 advenerat,
1451 1079 1504 1111 ubi
1539 1089 1655 1122 magno
1690 1078 1820 1122 spiritus
1853 1078 1976 1111 fervore

1237 1131 1368 1164 verbum
1401 1131 1456 1164 Dei
1490 1132 1614 1175 primus
1638 1131 1858 1164 annuntiabat:
1884 1135 1976 1173 atque

1238 1186 1269 1217 in
1292 1186 1371 1218 urbe
1395 1185 1470 1218 Tolo
1495 1185 1746 1229 vigintiquinque
1762 1184 1861 1217 millia
1879 1183 1979 1217 homi—

1237 1249 1313 1272 num
1327 1239 1554 1283 baptizaverat:
1568 1239 1633 1282 qui,
1646 1249 1719 1272 curn
1733 1249 1826 1271 suasu
1839 1239 1977 1282 tyramni

1238 1292 1401 1325 cuiusdam
1426 1291 1541 1325 Christi
1565 1291 1660 1325 sidem
1685 1291 1915 1332 deseruissent,
1933 1301 1979 1324 ec-

1238 1346 1365 1378 elesiam
1390 1345 1457 1378 solo
1482 1350 1685 1388 aequassent,
1710 1355 1835 1385 cruces,
1860 1350 1979 1378 sancto-

1239 1409 1374 1441 rumque
1400 1398 1553 1441 imagines
1587 1398 1815 1441 confregissent
1846 1402 1877 1430 et
1908 1408 1979 1431 con-

1239 1452 1424 1492 culcassent,
1450 1451 1646 1492 Franciscus,
1667 1451 1768 1484 zelum
1791 1451 1915 1484 Domini
1935 1461 1980 1484 ze-

1239 1507 1330 1547 latus,
1356 1505 1466 1549 viginti
1490 1505 1671 1545 Lusitanos,
1696 1515 1732 1538 ac
1755 1504 1980 1549 quadrigentos

1239 1559 1364 1592 circiter
1388 1559 1552 1602 indigenas
1576 1559 1614 1591 ad
1641 1559 1794 1592 ultionem
1818 1559 1894 1591 tanti
1918 1569 1981 1591 sce-

1240 1612 1314 1646 leris
1339 1612 1536 1645 incitaverat:
1562 1622 1663 1655 eoque
1680 1611 1759 1645 duce
1779 1622 1814 1644 ae
1832 1611 1980 1645 victorias·

1241 1676 1403 1710 sponsore,
1427 1670 1491 1698 tam
1514 1676 1613 1709 panca
1638 1665 1773 1698 militum
1798 1675 1910 1698 manus
1929 1664 1982 1697 ad-

1242 1730 1350 1752 versus
1374 1719 1487 1752 urbem
1511 1718 1771 1759 munitissimam,
1796 1717 1909 1752 Christi
1934 1729 1982 1751 re-

1241 1773 1366 1813 bellem,
1387 1772 1618 1816 expeditionem
1641 1771 1902 1815 aggrediebatur;
1928 1771 1980 1804 sed

1242 1837 1313 1859 eum
1337 1837 1437 1870 prope
1460 1826 1572 1859 urbem
1597 1825 1824 1869 pervenissent,
1841 1825 1983 1858 substite-

1242 1885 1289 1912 rat
1313 1880 1360 1912 vir
1384 1880 1457 1921 Dei,
1481 1890 1517 1912 ac
1537 1879 1673 1913 orationi
1697 1889 1730 1911 se
1755 1878 1901 1918 dederat3
1927 1883 1984 1911 sta-

1243 1934 1361 1978 timque
1392 1934 1513 1967 vicinus
1542 1943 1631 1966 mons
1656 1943 1806 1976 magnum
1837 1933 1985 1965 emiserat

1243 1987 1441 2027 incendium;
1467 1987 1609 2030 adeoque
1630 1986 1789 2029 ingentem
1807 1986 1931 2026 cineris,
1948 1995 1984 2017 ae

1243 2041 1404 2085 pumicum
1432 2041 1495 2074 vim
1523 2044 1728 2079 eructaverat,
1756 2045 1790 2072 ut
1819 2039 1918 2079 urbis,
1944 2044 1985 2071 at-

1244 2106 1304 2139 que
1324 2095 1416 2136 arcis,
1438 2105 1517 2138 quae
1542 2094 1574 2126 in
1592 2093 1675 2127 edito
1700 2094 1756 2126 sita
1781 2097 1858 2133 erat,
1877 2103 1985 2125 muros

1245 2153 1424 2192 aequasset:
1449 2148 1675 2191 horribilisque
1698 2152 1867 2190 propterea
1883 2150 1985 2179 terrac

1246 2208 1349 2235 motus
1373 2207 1472 2235 totam
1496 2201 1607 2234 urbem
1633 2204 1855 2240 concusserat,
1880 2199 1982 2243 pluri-

1247 2265 1378 2298 masque
1396 2254 1509 2287 domos
1533 2254 1745 2287 subverterat:
1763 2252 1879 2296 quibus
1896 2251 1987 2284 malis

1248 2307 1387 2339 exterriti
1413 2307 1542 2347 incolae,
1568 2306 1692 2339 deserta
1716 2305 1805 2347 urbe,
1830 2305 1861 2337 in
1885 2305 1987 2348 proxi-

1249 2371 1314 2392 mas
1350 2361 1450 2404 sylvas
1484 2360 1698 2402 confugerant.
1730 2358 1811 2391 Urbs
1844 2359 1948 2402 itaque
1971 2369 1987 2390 a

1248 2414 1404 2446 Francisci
1422 2414 1575 2446 militibus
1591 2413 1680 2446 facile
1697 2416 1788 2456 capta
1805 2417 1888 2445 erat:
1905 2412 1987 2445 cives

1249 2477 1323 2499 vero
1340 2467 1378 2498 ad
1403 2467 1470 2499 eius
1494 2467 1590 2510 pedes
1613 2466 1774 2510 prostrati,
1798 2470 1987 2509 acceptaque

1249 2520 1377 2552 salutari
1402 2521 1602 2562 poenitentia,
1623 2520 1727 2554 delicti
1752 2519 1874 2553 veniam
1896 2519 1989 2561 impe-

1250 2577 1379 2605 trarant.

1296 2625 1451 2661 Ulterius,
1490 2637 1560 2659 eum
1598 2627 1678 2659 inter
1713 2626 1837 2659 easdem
1873 2624 1989 2657 insulas

1987 233 2035 259 Λη.
2052 232 2080 259 C.
2098 229 2166 259 1623
