2269 3235
116 273 166 301 An.
183 273 211 301 C.
232 273 300 301 1625

920 272 1061 298 unssANUS

311 320 527 364 suspensionis
551 326 581 354 et
605 321 773 363 interdicti,
798 321 928 364 aliisque
954 321 1053 354 ecele-

313 372 445 406 siasticis
470 374 640 416 sententiis,
659 374 799 407 censuris
832 379 861 406 et
891 373 1011 417 poenis,
1037 384 1054 406 a

314 425 383 458 iure
400 427 447 459 vel
464 427 502 459 ab
518 427 656 468 homine,
682 427 792 471 quavis
811 427 976 460 occasione
1005 427 1052 459 vel

314 481 406 513 causa
430 480 510 522 latis,
528 480 553 514 si
570 481 684 525 quibus
708 480 946 525 quomodolibet
965 480 1054 513 inno-

312 534 402 567 datus
433 534 556 575 existit,
589 535 627 568 ad
659 534 806 568 effectum
839 534 1052 577 praesentium

312 587 472 620 dumtaxat
489 587 754 631 consequendum⁷
772 587 886 619 harum
903 587 983 620 serie
1000 587 1053 620 ab·

313 640 468 674 solventes
492 645 522 673 et
552 640 731 673 absolutum
764 640 831 673 sore
868 645 1052 682 censentes,

312 692 596 737 supplicationibus
614 692 711 736 ipsius
727 692 944 736 procuratoris
958 692 1052 725 totius

312 746 564 788 congregationis
595 745 774 789 praedictae
805 745 931 778 nornine
960 745 1052 778 nobis

311 809 406 842 super
422 799 482 831 hoc
498 798 660 831 humiliter
675 799 830 842 porrectis
848 798 996 839 inclinati,
1014 798 1052 832 de

310 851 536 884 venerabilium
560 851 694 884 fratrum
718 856 903 884 nostrorum
929 857 1052 884 sanctae

311 905 470 938 Romanae
494 904 650 937 Ecclesiae
680 904 886 937 cardinalium
917 905 1052 947 negotiis

310 957 504 1000 regularium
520 957 774 1002 praepositorum
789 957 931 999 consilio,
948 958 1053 991 decre-

1086 273 1142 298 v111
1165 274 1214 298 Pr.

1087 322 1210 363 gatione
1235 332 1251 353 a
1276 321 1437 354 modernis
1461 326 1491 352 ct
1514 330 1573 364 pro
1598 323 1739 363 tempore
1764 320 1828 353 exi-

1087 375 1241 407 stentibus
1266 374 1349 407 illius
1374 374 1517 406 ministro
1537 373 1686 416 generali,
1708 382 1743 405 ac
1759 372 1828 405 aliis

1087 426 1314 470 superioribus,
1336 436 1537 472 quocumque
1562 425 1688 459 nomine
1713 436 1829 459 nuncu-

1086 479 1176 521 patis,
1194 479 1380 522 ceterisque,
1396 479 1433 511 ad
1452 489 1530 523 quos
1548 484 1666 523 spectat
1684 484 1714 512 ct
1733 479 1765 511 in
1784 479 1829 511 su-

1088 535 1192 565 turum
1211 532 1450 576 quomodolibet
1469 532 1630 576 spectabit,
1648 532 1781 566 firmiter
1798 538 1828 565 et

1087 585 1310 618 inviolabiliter
1330 585 1491 617 observari
1517 590 1546 618 et
1570 585 1750 629 adimpleri7
1771 586 1827 619 sic-

1087 649 1147 682 que
1166 643 1196 671 et
1215 648 1279 671 non
1296 638 1385 671 aliter
1410 637 1441 669 in
1464 638 1645 681 praemissis
1663 650 1720 682 per
1737 649 1828 682 quos-

1087 701 1221 735 cumque
1245 690 1364 724 iudices
1389 690 1566 724 ordinarios
1598 694 1628 724 ct
1658 691 1828 733 delegatos,

1087 744 1179 777 etiam
1192 754 1359 777 causarum
1370 744 1475 788 palatii
1485 743 1647 788 apostolici
1658 744 1826 787 auditores,

1086 797 1218 831 iudicari
1241 802 1271 830 et
1297 797 1421 831 definiri
1445 797 1571 838 debere,
1595 807 1631 829 ac
1656 796 1781 829 irritum
1799 803 1829 830 et

1086 852 1187 893 inane,
1202 851 1226 884 si
1237 862 1326 885 secus
1340 862 1434 895 super
1449 851 1497 884 his
1510 861 1527 884 a
1541 861 1709 895 quoquam,
1720 851 1829 894 quavis

1086 905 1281 946 auctoritate,
1297 905 1432 939 scienter
1448 906 1496 939 vel
1520 905 1713 949 ignoranter,
1734 905 1829 939 conti-

1086 959 1167 1002 gerit
1184 959 1339 992 attentari.

1730 262 1795 297 353
1840 272 1890 300 An.
1907 271 1935 299 C.
1958 271 2026 300 ¹625

311 1015 378 1043 tum
412 1009 608 1054 praedictum
640 1010 812 1054 apostoliea
843 1010 1051 1052 auctoritate,

310 1067 419 1098 tenore
433 1064 655 1108 praesentium,
669 1069 826 1108 perpetuo
840 1064 1052 1108 approbamus

311 1123 341 1150 et
367 1117 608 1158 confirmamus,
633 1117 741 1160 illique
765 1117 953 1150 inviolabilis
977 1128 1052 1161 apo-

1130 1013 1144 1056 g
1178 1012 1206 1045 6.
1232 1013 1269 1045 Et
1298 1012 1503 1046 nihilominus
1538 1012 1708 1046 venerabili
1738 1012 1828 1045 fratri

1085 1066 1164 1099 Iulio
1182 1066 1331 1110 episcopo
1352 1066 1535 1100 Gravincnsi
1548 1066 1701 1100 moderno
1723 1070 1753 1099 et
1769 1076 1827 1110 pro

1086 1123 1226 1163 tempore
1254 1120 1398 1153 existenti
1427 1124 1536 1153 nostro
1572 1125 1602 1153 ct
1630 1119 1828 1164 Apostolicae

1855 1022 1936 1043 Nuueio
1951 1023 2028 1049 Hispa-

1843 1049 1925 1070 niarum
1954 1050 2028 1070 huius-

1842 1076 1898 1097 modi
1931 1076 2028 1096 decreto-

1842 1109 1887 1123 rum
1903 1104 2027 1128 exequutio-

1842 1136 1890 1151 nem
1907 1130 2027 1152 committit.

175 1394 214 1418 Qui
229 1395 293 1416 etiam

113 1422 184 1446 cavet,
198 1427 225 1442 ne
247 1421 294 1442 aliis

113 1450 168 1471 bona
213 1450 294 1470 redem-

112 1477 177 1502 ptioni
187 1477 294 1503 assignata

113 1503 228 1524 tradantur.

141 2348 260 2370 Clausuiae.

311 1171 438 1205 stolicae
454 1171 612 1204 firmitatis
628 1172 727 1205 robur
743 1171 918 1211 adiieimus,
936 1182 971 1205 ac
987 1182 1052 1204 om-

309 1234 365 1257 nes
389 1229 419 1256 et
442 1224 582 1267 singulos
606 1229 671 1257 tam
695 1225 772 1257 iuris
793 1235 887 1268 quam
914 1224 986 1257 sacti
1003 1224 1053 1257 de-

308 1277 416 1319 fectus,
443 1277 468 1310 si
492 1277 545 1321 qui
570 1278 705 1322 desuper
737 1277 973 1322 quomodolibet
1004 1278 1051 1310 in-

309 1331 517 1372 tervenerint,
544 1331 740 1376 supplemus.

353 1384 368 1427 ἓ
393 1383 422 1416 4.
446 1384 490 1417 Ae
515 1384 656 1428 insuper,
674 1384 731 1417 sub
754 1384 968 1428 suspensionis
989 1384 1053 1417 offi-

309 1437 349 1471 cii
372 1448 408 1471 ac
431 1439 517 1471 vocis
534 1439 651 1472 activae
665 1445 693 1472 et
710 1438 869 1482 passivae1
890 1438 928 1470 ad
947 1448 1052 1471 sexen-
1068 1455 1069 1471 1

307 1491 395 1524 nium
409 1491 568 1525 duraturis
582 1492 703 1535 poenis,
713 1491 928 1524 interdicimus
941 1496 970 1524 et
981 1502 1052 1534 pro-

307 1544 462 1587 hibemus,
487 1555 526 1577 nc
552 1545 675 1588 aliquis,
694 1555 892 1588 quacumque
914 1545 1068 1588 superio-³

308 1598 400 1631 ritate
416 1598 544 1641 fulgeat,
570 1598 652 1632 bona
673 1603 817 1642 separata
834 1608 868 1630 ac
887 1603 1051 1641 segregata

307 1661 325 1684 a
341 1651 487 1685 domibus
505 1655 534 1685 et
550 1652 626 1685 locis
643 1652 843 1695 regularibus
860 1651 960 1685 dictae
981 1663 1051 1685 con-

307 1704 499 1748 gregationis
522 1705 607 1737 iuxta
623 1705 758 1738 sormam
774 1704 932 1738 dictorum
952 1710 1049 1738 statu-
1065 1719 1066 1731 ἢ

308 1763 423 1799 torum,
444 1768 498 1791 seu
516 1758 776 1791 constitutionum
794 1758 1048 1802 apostolicarum,

307 1816 342 1844 ut
354 1812 539 1855 praefertur,
555 1822 590 1844 ac
608 1822 666 1856 pro
684 1812 737 1856 pio
752 1812 978 1856 redemptionis
995 1812 1049 1845 liu-

307 1864 445 1898 iusmodi
469 1875 563 1909 opere
588 1875 746 1908 concessa,
762 1876 817 1898 seu
835 1866 1048 1910 eleemosynas

307 1918 346 1951 ab
369 1918 437 1951 aliis
454 1918 598 1962 personis
616 1919 654 1951 ad
671 1918 921 1962 redemptionem
939 1919 1047 1952 huius-

307 1971 394 2004 modi
407 1971 519 2005 donata
531 1976 560 2005 et
573 1972 738 2015 assignata,
751 1983 785 2005 ac
803 1972 947 2005 donanda
960 1977 990 2006 et
1004 1983 1048 2006 as·
1063 1993 1064 1996 =

307 2024 468 2067 signanda,
486 2025 553 2058 aliis
566 2025 733 2068 religiosis,
755 2030 975 2069 praeterquam
991 2036 1047 2069 per

306 2078 501 2122 praedictum
512 2078 736 2112 deffinitorium
751 2080 896 2122 generale
910 2079 947 2112 ad
960 2079 1047 2123 pium

307 2142 386 2175 opus
399 2132 624 2175 redemptionis
637 2132 818 2165 huiusmodi
830 2133 1045 2176 exequendum
1062 2158 1064 2164 .

307 2185 513 2226 nominandis,
529 2185 581 2229 qui
603 2196 661 2229 per
676 2196 709 2218 se
733 2186 827 2229 ipsos,
842 2186 959 2229 absque
977 2197 1047 2220 con·
1062 2209 1063 2224 t

310 2237 404 2270 sortio
414 2237 540 2271 alterius
553 2238 787 2282 cuiuscumque,
802 2239 853 2282 pio
864 2239 1046 2272 huiusmodi

310 2290 397 2333 operi
427 2290 616 2332 incumbant,
641 2292 743 2325 tradat
767 2303 823 2326 seu
846 2293 927 2326 tradi
945 2294 1044 2327 saciat.

355 2343 370 2386 g
387 2342 414 2376 5.
432 2343 638 2378 Decernentes
655 2346 817 2380 decretum
840 2347 1045 2390 praedictum,

310 2405 432 2429 necnon
442 2402 620 2440 praesentes
628 2399 757 2440 litteras,
768 2400 935 2444 omniaque
946 2405 975 2433 et
989 2401 1048 2434 sin-

311 2449 385 2491 gula
407 2448 439 2481 in
454 2448 515 2481 illis
529 2454 672 2483 contenta
692 2462 818 2496 semper
843 2457 872 2486 et
895 2458 1047 2498 perpetuo

310 2501 421 2542 valida,
439 2501 531 2534 firma
547 2507 577 2535 et
600 2504 735 2538 efficacia
760 2506 892 2539 existere
918 2512 948 2539 et
970 2507 1047 2548 sore,

309 2565 445 2598 suosque
462 2555 619 2598 plenarios
636 2562 665 2589 et
684 2557 823 2601 integros
841 2559 969 2592 effectus
987 2570 1049 2593 sor-

309 2608 361 2642 tiri
385 2611 416 2642 et
438 2608 596 2650 obtinere,
620 2619 656 2643 ac
679 2610 711 2643 in
734 2612 894 2655 praedicta
918 2623 1050 2656 congre-

344 2672 357 2698 1
374 2670 475 2698 Forsan
490 2671 644 2698 addendum
656 2673 833 2707 privationis
847 2676 887 2710 (u.
903 2677 952 2708 Τ.).

393 2724 472 2752 Buzz.
491 2724 576 2754 Rom.
592 2740 626 2746 —
643 2726 702 2754 Vol.
723 2726 805 2756 XIII.
962 2729 997 2758 45

1086 1173 1173 1205 Sedis
1193 1172 1225 1205 in
1250 1173 1341 1206 dictis
1359 1173 1465 1217 regnis
1480 1173 1591 1206 nuntio
1608 1184 1667 1217 per
1684 1184 1829 1217 praescn-

1086 1229 1130 1258 tes
1155 1226 1383 1259 committimus
1407 1232 1437 1259 et
1462 1226 1656 1266 mandamus,
1675 1230 1828 1269 quatenus

1085 1279 1152 1323 ipse
1169 1290 1226 1323 per
1238 1290 1281 1321 se,
1294 1280 1342 1312 vel
1356 1280 1463 1321 alium,
1478 1290 1532 1313 seu
1545 1281 1632 1322 alios⁷
1646 1285 1828 1324 praesentes

1086 1333 1204 1365 litteras
1222 1337 1252 1364 et
1272 1333 1303 1365 in
1324 1332 1368 1365 eis
1394 1338 1539 1366 contenta
1563 1333 1753 1374 huiusmodi,
1774 1334 1828 1366 ubi

1086 1389 1115 1419 et
1130 1385 1254 1429 quando
1267 1396 1345 1430 opus
1363 1386 1467 1428 suerit,
1485 1391 1513 1419 et
1531 1387 1654 1432 quoties
1666 1398 1724 1430 pro
1741 1391 1829 1430 parte

1085 1439 1185 1472 dictae
1202 1439 1461 1482 Congregationis
1474 1440 1569 1472 suerit
1585 1440 1763 1484 requisitus,
1783 1451 1830 1474 so·

1085 1493 1230 1525 lemniter
1254 1493 1428 1536 publicans,
1449 1491 1573 1536 eisque¹
1590 1493 1622 1525 in
1646 1493 1829 1537 praemissis

1085 1547 1219 1579 efficacis
1254 1546 1444 1579 defensionis
1473 1546 1631 1590 praesidio
1660 1547 1828 1588 assistens,

1084 1599 1186 1639 saciat,
1200 1599 1384 1632 auctoritate
1398 1601 1517 1640 nostra,
1534 1599 1708 1643 praemissa
1723 1600 1829 1633 omnia

1084 1658 1114 1685 et
1138 1653 1271 1695 singula,
1286 1653 1324 1685 ab
1350 1653 1496 1685 omnibus
1521 1652 1707 1696 supradietis
1732 1653 1829 1687 invio-

1084 1706 1218 1739 labiliter
1244 1705 1422 1746 observari,
1448 1705 1697 1739 contradictores
1714 1707 1828 1749 quosli-

1082 1760 1134 1793 bet
1158 1765 1188 1793 ct
1211 1759 1356 1801 rebelles,
1381 1769 1439 1803 per
1468 1760 1653 1801 sententias,
1679 1770 1827 1793 censuras

1082 1817 1113 1845 et
1124 1823 1241 1856 poenas
1257 1812 1494 1855 ecclesiasticas,
1512 1813 1634 1856 aliaque
1648 1818 1826 1857 opportuna

1063 1872 1065 1878 ·
1082 1865 1159 1899 iuris
1176 1870 1205 1900 et
1221 1866 1293 1898 faeti
1310 1865 1458 1906 remedia,
1476 1867 1683 1911 appellatione
1699 1872 1826 1911 postpo-

1082 1921 1149 1963 sita,
1169 1920 1408 1964 compescendo,
1426 1920 1569 1953 invocato
1587 1920 1680 1953 etiam
1697 1920 1736 1953 ad
1752 1921 1821 1964 hoc,

1081 1974 1106 2006 si
1132 1985 1211 2018 opus
1234 1974 1337 2016 suerit,
1363 1974 1478 2007 auxilio
1502 1974 1624 2007 brachii
1647 1975 1806 2007 secularis.

1125 2028 1140 2071 ξ
1165 2028 1193 2061 7.
1219 2029 1288 2061 Non
1316 2028 1513 2061 obstantibus
1544 2028 1821 2062 constitutionibus

1081 2086 1109 2114 et
1135 2081 1384 2114 ordinationibus
1402 2081 1591 2125 apostolicis,
1609 2092 1645 2114 ac
1661 2081 1821 2125 quibusvis

1081 2134 1186 2178 (etiam
1212 2134 1404 2175 iuramento,
1431 2134 1669 2167 confirmatione
1701 2140 1822 2178 aposto-

1080 2187 1150 2228 lica,
1161 2188 1208 2220 vel
1222 2187 1330 2231 quavis
1344 2188 1490 2220 firmitate
1505 2187 1565 2219 alia
1582 2187 1753 2231 roboratis)
1765 2192 1823 2221 sta-

1080 2241 1154 2273 tutis
1164 2246 1193 2273 et
1202 2240 1493 2280 consuetudinibus,
1502 2240 1675 2283 privilegiis
1687 2251 1821 2284 quoque,

1080 2293 1208 2326 indultis
1231 2298 1261 2326 et
1286 2293 1398 2326 litteris
1427 2293 1626 2336 apostolicis,
1651 2293 1823 2337 praedictis

1080 2352 1108 2380 et
1123 2346 1284 2391 quibusvis
1298 2346 1366 2379 aliis
1379 2346 1532 2390 personis,
1550 2346 1607 2379 sub
1624 2346 1825 2390 quibuscum-

1081 2411 1141 2444 que
1154 2399 1318 2433 tenoribus
1332 2403 1361 2433 et
1377 2399 1498 2440 formis,
1513 2410 1548 2432 ac
1562 2410 1634 2432 cum
1650 2400 1823 2443 quibusvis,

1082 2454 1174 2487 etiam
1199 2452 1473 2495 derogatoriarum
1497 2452 1720 2495 derogatoriis,
1745 2454 1826 2487 aliis-

1082 2517 1143 2551 que
1159 2505 1400 2539 -efficarioribus
1432 2510 1462 2537 et
1493 2505 1626 2538 insolitis
1657 2506 1804 2539 clausulis
1818 2534 1825 2550 ,

1082 2570 1118 2593 ac
1142 2558 1340 2592 irritantibus
1355 2563 1385 2591 et
1404 2557 1472 2591 aliis
1489 2557 1633 2602 decretis,
1651 2559 1683 2592 in
1705 2564 1827 2593 contra-

1082 2613 1166 2647 rium
1179 2611 1427 2656 praemissorum
1444 2612 1683 2656 quomodolibet
1695 2624 1827 2648 conces-

1119 2676 1131 2702 1
1148 2674 1243 2710 Aptius
1256 2674 1395 2710 legeretur
1409 2673 1492 2710 eique
1508 2677 1544 2708 (R.
1563 2674 1611 2711 T.).

1837 2034 1949 2056 Contraria
1960 2035 1981 2055 to
1987 2033 2026 2054 llit
