<?xml version="1.0" encoding="UTF-8"?>
<!DOCTYPE html PUBLIC "-//W3C//DTD XHTML 1.0 Transitional//EN"
    "http://www.w3.org/TR/xhtml1/DTD/xhtml1-transitional.dtd">
<html xmlns="http://www.w3.org/1999/xhtml" xml:lang="en" lang="en">
 <head>
  <title>
</title>
<meta http-equiv="Content-Type" content="text/html;charset=utf-8" />
  <meta name='ocr-system' content='tesseract 3.04.00' />
  <meta name='ocr-capabilities' content='ocr_page ocr_carea ocr_par ocr_line ocrx_word'/>
</head>
<body>
  <div class='ocr_page' id='page_1' title='image "./bullarumdiplomat13cath_0040.png"; bbox 0 0 2269 3235; ppageno 0'>
   <div class='ocr_carea' id='block_1_1' title="bbox 278 275 454 301">
    <p class='ocr_par' dir='ltr' id='par_1_1' title="bbox 278 275 454 301">
     <span class='ocr_line' id='line_1_1' title="bbox 278 275 454 301; baseline -0.006 0"><span class='ocrx_word' id='word_1_1' title='bbox 278 276 363 301; x_wconf 60' lang='lat' dir='ltr'>Auru.</span> <span class='ocrx_word' id='word_1_2' title='bbox 391 275 454 301; x_wconf 68' lang='lat' dir='ltr'>lti⁴2fl</span> 
     </span>
    </p>
   </div>
   <div class='ocr_carea' id='block_1_2' title="bbox 276 337 458 412">
    <p class='ocr_par' dir='ltr' id='par_1_2' title="bbox 276 337 458 412">
     <span class='ocr_line' id='line_1_2' title="bbox 329 337 458 362; baseline -0.023 -4"><span class='ocrx_word' id='word_1_3' title='bbox 329 337 458 362; x_wconf 62' lang='lat' dir='ltr'>Fractusque</span> 
     </span>
     <span class='ocr_line' id='line_1_3' title="bbox 276 366 458 391; baseline -0.016 -6"><span class='ocrx_word' id='word_1_4' title='bbox 276 366 329 385; x_wconf 78' lang='lat' dir='ltr'>male</span> <span class='ocrx_word' id='word_1_5' title='bbox 348 369 458 391; x_wconf 59' lang='lat' dir='ltr'>pert-epto&lt;</span> 
     </span>
     <span class='ocr_line' id='line_1_4' title="bbox 276 393 370 412; baseline 0.011 -1"><span class='ocrx_word' id='word_1_6' title='bbox 276 393 370 412; x_wconf 76' lang='lat' dir='ltr'>remittit.</span> 
     </span>
    </p>
   </div>
   <div class='ocr_carea' id='block_1_3' title="bbox 272 1082 455 1208">
    <p class='ocr_par' dir='ltr' id='par_1_3' title="bbox 272 1082 455 1208">
     <span class='ocr_line' id='line_1_5' title="bbox 301 1082 455 1107; baseline -0.013 -4"><span class='ocrx_word' id='word_1_7' title='bbox 301 1082 408 1107; x_wconf 65' lang='lat' dir='ltr'>Dispensat</span> <span class='ocrx_word' id='word_1_8' title='bbox 432 1089 455 1101; x_wconf 84' lang='lat' dir='ltr'>u-</span> 
     </span>
     <span class='ocr_line' id='line_1_6' title="bbox 272 1110 454 1134; baseline 0 -7"><span class='ocrx_word' id='word_1_9' title='bbox 272 1114 310 1134; x_wconf 80' lang='lat' dir='ltr'>per</span> <span class='ocrx_word' id='word_1_10' title='bbox 323 1110 454 1129; x_wconf 49' lang='lat' dir='ltr'>mirabilitat-</span> 
     </span>
     <span class='ocr_line' id='line_1_7' title="bbox 273 1136 453 1155; baseline 0 -1"><span class='ocrx_word' id='word_1_11' title='bbox 273 1136 298 1155; x_wconf 76' lang='lat' dir='ltr'>ad</span> <span class='ocrx_word' id='word_1_12' title='bbox 315 1142 385 1155; x_wconf 65' lang='lat' dir='ltr'>&lt;aeros</span> <span class='ocrx_word' id='word_1_13' title='bbox 401 1136 453 1155; x_wconf 66' lang='lat' dir='ltr'>[utli-</span> 
     </span>
     <span class='ocr_line' id='line_1_8' title="bbox 272 1162 454 1187; baseline -0.011 -6"><span class='ocrx_word' id='word_1_14' title='bbox 272 1168 308 1182; x_wconf 68' lang='lat' dir='ltr'>nes</span> <span class='ocrx_word' id='word_1_15' title='bbox 340 1162 454 1187; x_wconf 50' lang='lat' dir='ltr'>suscipien-</span> 
     </span>
     <span class='ocr_line' id='line_1_9' title="bbox 272 1188 316 1208; baseline 0.045 -2"><span class='ocrx_word' id='word_1_16' title='bbox 272 1188 316 1208; x_wconf 60' lang='lat' dir='ltr'>«los.</span> 
     </span>
    </p>
   </div>
   <div class='ocr_carea' id='block_1_4' title="bbox 272 1877 454 1924">
    <p class='ocr_par' dir='ltr' id='par_1_4' title="bbox 272 1877 454 1924">
     <span class='ocr_line' id='line_1_10' title="bbox 299 1877 454 1901; baseline -0.013 -5"><span class='ocrx_word' id='word_1_17' title='bbox 299 1877 322 1896; x_wconf 83' lang='lat' dir='ltr'>Et</span> <span class='ocrx_word' id='word_1_18' title='bbox 341 1883 403 1901; x_wconf 71' lang='lat' dir='ltr'>&lt;uper</span> <span class='ocrx_word' id='word_1_19' title='bbox 419 1877 454 1895; x_wconf 65' lang='lat'>›¹,·-</span> 
     </span>
     <span class='ocr_line' id='line_1_11' title="bbox 272 1904 445 1924; baseline -0.006 -1"><span class='ocrx_word' id='word_1_20' title='bbox 272 1904 326 1924; x_wconf 75' lang='lat' dir='ltr'>sertu</span> <span class='ocrx_word' id='word_1_21' title='bbox 338 1906 445 1923; x_wconf 57' lang='lat' dir='ltr'>natalium.</span> 
     </span>
    </p>
   </div>
   <div class='ocr_carea' id='block_1_5' title="bbox 271 2352 452 2451">
    <p class='ocr_par' dir='ltr' id='par_1_5' title="bbox 271 2352 452 2451">
     <span class='ocr_line' id='line_1_12' title="bbox 324 2352 452 2377; baseline -0.016 -5"><span class='ocrx_word' id='word_1_22' title='bbox 324 2352 452 2377; x_wconf 53' lang='lat' dir='ltr'>nubib-&lt;qne</span> 
     </span>
     <span class='ocr_line' id='line_1_13' title="bbox 271 2378 442 2398; baseline -0.012 -1"><span class='ocrx_word' id='word_1_23' title='bbox 271 2378 336 2397; x_wconf 50' lang='lat' dir='ltr'>riui-t.-</span> <span class='ocrx_word' id='word_1_24' title='bbox 347 2380 372 2397; x_wconf 63' lang='lat' dir='ltr'>,..t</span> <span class='ocrx_word' id='word_1_25' title='bbox 383 2386 424 2398; x_wconf 35' lang='lat' dir='ltr'>*um</span> <span class='ocrx_word' id='word_1_26' title='bbox 434 2388 442 2395; x_wconf 62' lang='grc'>,-</span> 
     </span>
     <span class='ocr_line' id='line_1_14' title="bbox 271 2405 442 2424; baseline -0.012 -1"><span class='ocrx_word' id='word_1_27' title='bbox 271 2405 361 2424; x_wconf 47' lang='lat' dir='ltr'>demtum</span> <span class='ocrx_word' id='word_1_28' title='bbox 383 2412 400 2424; x_wconf 77' lang='lat' dir='ltr'>in</span> <span class='ocrx_word' id='word_1_29' title='bbox 417 2406 442 2424; x_wconf 67' lang='grc' dir='ltr'>Ι»..</span> 
     </span>
     <span class='ocr_line' id='line_1_15' title="bbox 335 2439 412 2451; baseline -0.052 2"><span class='ocrx_word' id='word_1_30' title='bbox 335 2439 338 2442; x_wconf 84' lang='grc'><strong>”</strong></span> <span class='ocrx_word' id='word_1_31' title='bbox 387 2439 412 2451; x_wconf 60' lang='lat' dir='ltr'>ili*</span> 
     </span>
    </p>
   </div>
   <div class='ocr_carea' id='block_1_6' title="bbox 271 2464 363 2477">
    <p class='ocr_par' dir='ltr' id='par_1_6' title="bbox 271 2464 363 2477">
     <span class='ocr_line' id='line_1_16' title="bbox 271 2464 363 2477; baseline 0 0"><span class='ocrx_word' id='word_1_32' title='bbox 271 2464 363 2477; x_wconf 70' lang='lat' dir='ltr'>neotum.</span> 
     </span>
    </p>
   </div>
   <div class='ocr_carea' id='block_1_7' title="bbox 501 266 521 297">
    <p class='ocr_par' dir='ltr' id='par_1_7' title="bbox 501 266 521 297">
     <span class='ocr_line' id='line_1_17' title="bbox 501 266 521 297; baseline 0 0"><span class='ocrx_word' id='word_1_33' title='bbox 501 266 521 297; x_wconf 74' lang='lat' dir='ltr'>li·</span> 
     </span>
    </p>
   </div>
   <div class='ocr_carea' id='block_1_8' title="bbox 470 322 1213 1535">
    <p class='ocr_par' dir='ltr' id='par_1_8' title="bbox 470 322 1213 1047">
     <span class='ocr_line' id='line_1_18' title="bbox 519 322 1211 366; baseline -0.004 -10"><span class='ocrx_word' id='word_1_34' title='bbox 519 323 533 365; x_wconf 63' lang='grc' dir='ltr'><strong>ἓ</strong></span> <span class='ocrx_word' id='word_1_35' title='bbox 564 323 592 356; x_wconf 95' lang='grc'>7.</span> <span class='ocrx_word' id='word_1_36' title='bbox 623 322 761 366; x_wconf 88' lang='lat' dir='ltr'>lpsisquc</span> <span class='ocrx_word' id='word_1_37' title='bbox 795 322 1012 361; x_wconf 69' lang='lat' dir='ltr'>conclaristis,</span> <span class='ocrx_word' id='word_1_38' title='bbox 1037 331 1211 364; x_wconf 89' lang='lat' dir='ltr'>eorumque</span> 
     </span>
     <span class='ocr_line' id='line_1_19' title="bbox 474 374 1213 419; baseline -0.003 -11"><span class='ocrx_word' id='word_1_39' title='bbox 474 375 613 418; x_wconf 85' lang='lat' dir='ltr'>singulis,</span> <span class='ocrx_word' id='word_1_40' title='bbox 634 386 848 419; x_wconf 87' lang='lat' dir='ltr'>quoscumque</span> <span class='ocrx_word' id='word_1_41' title='bbox 872 375 1003 414; x_wconf 82' lang='lat' dir='ltr'>fructus,</span> <span class='ocrx_word' id='word_1_42' title='bbox 1020 374 1159 407; x_wconf 88' lang='lat' dir='ltr'>redditus</span> <span class='ocrx_word' id='word_1_43' title='bbox 1183 379 1213 406; x_wconf 89' lang='lat' dir='ltr'>et</span> 
     </span>
     <span class='ocr_line' id='line_1_20' title="bbox 473 428 1212 473; baseline -0.003 -12"><span class='ocrx_word' id='word_1_44' title='bbox 473 434 644 473; x_wconf 81' lang='lat' dir='ltr'>proventus</span> <span class='ocrx_word' id='word_1_45' title='bbox 679 428 906 461; x_wconf 82' lang='lat' dir='ltr'>ecclesiasticos</span> <span class='ocrx_word' id='word_1_46' title='bbox 937 428 1100 461; x_wconf 76' lang='lat' dir='ltr'>occasione</span> <span class='ocrx_word' id='word_1_47' title='bbox 1135 437 1212 471; x_wconf 90' lang='lat' dir='ltr'>qua-</span> 
     </span>
     <span class='ocr_line' id='line_1_21' title="bbox 473 481 1213 525; baseline -0.003 -11"><span class='ocrx_word' id='word_1_48' title='bbox 473 492 681 525; x_wconf 83' lang='lat' dir='ltr'>rumcumque</span> <span class='ocrx_word' id='word_1_49' title='bbox 705 482 902 524; x_wconf 67' lang='lat' dir='ltr'>dignitatum,</span> <span class='ocrx_word' id='word_1_50' title='bbox 919 481 1157 514; x_wconf 78' lang='lat' dir='ltr'>canonicatuum</span> <span class='ocrx_word' id='word_1_51' title='bbox 1182 485 1213 513; x_wconf 88' lang='lat' dir='ltr'>et</span> 
     </span>
     <span class='ocr_line' id='line_1_22' title="bbox 473 534 1211 579; baseline -0.003 -11"><span class='ocrx_word' id='word_1_52' title='bbox 473 536 739 579; x_wconf 86' lang='lat' dir='ltr'>praebendarum,</span> <span class='ocrx_word' id='word_1_53' title='bbox 763 535 961 578; x_wconf 89' lang='lat' dir='ltr'>aliorumque</span> <span class='ocrx_word' id='word_1_54' title='bbox 984 534 1211 567; x_wconf 86' lang='lat' dir='ltr'>beneficiorum</span> 
     </span>
     <span class='ocr_line' id='line_1_23' title="bbox 473 589 1213 632; baseline -0.004 -10"><span class='ocrx_word' id='word_1_55' title='bbox 473 589 756 622; x_wconf 83' lang='lat' dir='ltr'>ecclesiasticorum</span> <span class='ocrx_word' id='word_1_56' title='bbox 781 598 1065 632; x_wconf 87' lang='lat' dir='ltr'>quorumcumque,</span> <span class='ocrx_word' id='word_1_57' title='bbox 1083 597 1117 619; x_wconf 91' lang='lat' dir='ltr'>ac</span> <span class='ocrx_word' id='word_1_58' title='bbox 1138 597 1213 630; x_wconf 88' lang='lat' dir='ltr'>qua-</span> 
     </span>
     <span class='ocr_line' id='line_1_24' title="bbox 473 640 1212 686; baseline -0.003 -12"><span class='ocrx_word' id='word_1_59' title='bbox 473 653 682 686; x_wconf 88' lang='lat' dir='ltr'>rumcumque</span> <span class='ocrx_word' id='word_1_60' title='bbox 712 642 898 686; x_wconf 73' lang='lat' dir='ltr'>pensionum</span> <span class='ocrx_word' id='word_1_61' title='bbox 930 651 1105 673; x_wconf 87' lang='lat' dir='ltr'>annuarum</span> <span class='ocrx_word' id='word_1_62' title='bbox 1137 640 1212 683; x_wconf 90' lang='lat' dir='ltr'>ipsis</span> 
     </span>
     <span class='ocr_line' id='line_1_25' title="bbox 473 692 1212 729; baseline -0.001 -2"><span class='ocrx_word' id='word_1_63' title='bbox 473 697 520 728; x_wconf 74' lang='lat' dir='ltr'>rel</span> <span class='ocrx_word' id='word_1_64' title='bbox 545 707 656 729; x_wconf 88' lang='lat' dir='ltr'>eorum</span> <span class='ocrx_word' id='word_1_65' title='bbox 674 696 802 729; x_wconf 78' lang='lat' dir='ltr'>cuilibet</span> <span class='ocrx_word' id='word_1_66' title='bbox 819 692 1008 728; x_wconf 80' lang='lat' dir='ltr'>&#39;collatorum</span> <span class='ocrx_word' id='word_1_67' title='bbox 1025 699 1054 726; x_wconf 88' lang='lat' dir='ltr'>et</span> <span class='ocrx_word' id='word_1_68' title='bbox 1073 704 1212 727; x_wconf 78' lang='lat' dir='ltr'>reserva-</span> 
     </span>
     <span class='ocr_line' id='line_1_26' title="bbox 473 747 1211 791; baseline -0.003 -10"><span class='ocrx_word' id='word_1_69' title='bbox 473 755 585 789; x_wconf 86' lang='lat' dir='ltr'>tarum,</span> <span class='ocrx_word' id='word_1_70' title='bbox 610 755 671 781; x_wconf 91' lang='lat' dir='ltr'>tam</span> <span class='ocrx_word' id='word_1_71' title='bbox 698 760 733 782; x_wconf 77' lang='lat' dir='ltr'>ex</span> <span class='ocrx_word' id='word_1_72' title='bbox 758 748 937 788; x_wconf 80' lang='lat' dir='ltr'>antedictis,</span> <span class='ocrx_word' id='word_1_73' title='bbox 962 758 1057 791; x_wconf 89' lang='lat' dir='ltr'>quam</span> <span class='ocrx_word' id='word_1_74' title='bbox 1082 757 1118 780; x_wconf 80' lang='lat' dir='ltr'>ex</span> <span class='ocrx_word' id='word_1_75' title='bbox 1142 747 1211 779; x_wconf 91' lang='lat' dir='ltr'>aliis</span> 
     </span>
     <span class='ocr_line' id='line_1_27' title="bbox 471 800 1210 841; baseline -0.004 -6"><span class='ocrx_word' id='word_1_76' title='bbox 471 803 642 835; x_wconf 70' lang='lat' dir='ltr'>defectibus</span> <span class='ocrx_word' id='word_1_77' title='bbox 667 807 697 834; x_wconf 83' lang='lat' dir='ltr'>et</span> <span class='ocrx_word' id='word_1_78' title='bbox 720 802 947 841; x_wconf 77' lang='lat' dir='ltr'>occasionibus,</span> <span class='ocrx_word' id='word_1_79' title='bbox 972 801 1064 834; x_wconf 89' lang='lat' dir='ltr'>etiam</span> <span class='ocrx_word' id='word_1_80' title='bbox 1090 800 1210 833; x_wconf 87' lang='lat' dir='ltr'>ratione</span> 
     </span>
     <span class='ocr_line' id='line_1_28' title="bbox 471 853 1212 889; baseline -0.004 -1"><span class='ocrx_word' id='word_1_81' title='bbox 471 856 650 889; x_wconf 87' lang='lat' dir='ltr'>omissionis</span> <span class='ocrx_word' id='word_1_82' title='bbox 667 855 858 888; x_wconf 72' lang='lat' dir='ltr'>recitationis</span> <span class='ocrx_word' id='word_1_83' title='bbox 875 855 1025 887; x_wconf 83' lang='lat' dir='ltr'>horarum</span> <span class='ocrx_word' id='word_1_84' title='bbox 1051 853 1212 886; x_wconf 91' lang='lat' dir='ltr'>canonica-</span> 
     </span>
     <span class='ocr_line' id='line_1_29' title="bbox 471 907 1211 952; baseline -0.005 -11"><span class='ocrx_word' id='word_1_85' title='bbox 471 920 540 941; x_wconf 91' lang='lat' dir='ltr'>rum</span> <span class='ocrx_word' id='word_1_86' title='bbox 552 909 688 941; x_wconf 79' lang='lat' dir='ltr'>indebite</span> <span class='ocrx_word' id='word_1_87' title='bbox 698 912 875 952; x_wconf 86' lang='lat' dir='ltr'>perceptos,</span> <span class='ocrx_word' id='word_1_88' title='bbox 884 907 1109 948; x_wconf 87' lang='lat' dir='ltr'>cuiuscumque</span> <span class='ocrx_word' id='word_1_89' title='bbox 1116 916 1211 948; x_wconf 82' lang='lat' dir='ltr'>quan-</span> 
     </span>
     <span class='ocr_line' id='line_1_30' title="bbox 471 952 1211 1003; baseline -0.005 -10"><span class='ocrx_word' id='word_1_90' title='bbox 471 961 565 993; x_wconf 88' lang='lat' dir='ltr'>titatis</span> <span class='ocrx_word' id='word_1_91' title='bbox 582 962 705 1001; x_wconf 87' lang='lat' dir='ltr'>fuerint,</span> <span class='ocrx_word' id='word_1_92' title='bbox 724 961 860 1003; x_wconf 84' lang='lat' dir='ltr'>gratiose</span> <span class='ocrx_word' id='word_1_93' title='bbox 883 959 1073 992; x_wconf 68' lang='lat' dir='ltr'>remittimus</span> <span class='ocrx_word' id='word_1_94' title='bbox 1094 963 1124 991; x_wconf 88' lang='lat' dir='ltr'>et</span> <span class='ocrx_word' id='word_1_95' title='bbox 1140 952 1211 990; x_wconf 87' lang='lat' dir='ltr'>con-</span> 
     </span>
     <span class='ocr_line' id='line_1_31' title="bbox 470 1015 631 1047; baseline 0 -1"><span class='ocrx_word' id='word_1_96' title='bbox 470 1015 631 1047; x_wconf 87' lang='lat' dir='ltr'>donamus.</span> 
     </span>
    </p>

    <p class='ocr_par' dir='ltr' id='par_1_9' title="bbox 470 1065 1211 1535">
     <span class='ocr_line' id='line_1_32' title="bbox 515 1065 1209 1109; baseline -0.001 -11"><span class='ocrx_word' id='word_1_97' title='bbox 515 1068 530 1109; x_wconf 62' lang='grc' dir='ltr'>ἓ</span> <span class='ocrx_word' id='word_1_98' title='bbox 554 1066 582 1098; x_wconf 75' lang='lat'>8.</span> <span class='ocrx_word' id='word_1_99' title='bbox 609 1068 651 1099; x_wconf 85' lang='lat' dir='ltr'>Ac</span> <span class='ocrx_word' id='word_1_100' title='bbox 676 1077 747 1098; x_wconf 88' lang='lat' dir='ltr'>cum</span> <span class='ocrx_word' id='word_1_101' title='bbox 772 1066 816 1098; x_wconf 92' lang='lat' dir='ltr'>eis</span> <span class='ocrx_word' id='word_1_102' title='bbox 841 1076 936 1109; x_wconf 86' lang='lat' dir='ltr'>super</span> <span class='ocrx_word' id='word_1_103' title='bbox 961 1065 1155 1097; x_wconf 75' lang='lat' dir='ltr'>inhabilitate</span> <span class='ocrx_word' id='word_1_104' title='bbox 1179 1069 1209 1097; x_wconf 81' lang='lat' dir='ltr'>et</span> 
     </span>
     <span class='ocr_line' id='line_1_33' title="bbox 471 1118 1211 1163; baseline -0.003 -11"><span class='ocrx_word' id='word_1_105' title='bbox 471 1120 700 1163; x_wconf 74' lang='lat' dir='ltr'>irregularitate</span> <span class='ocrx_word' id='word_1_106' title='bbox 716 1130 772 1163; x_wconf 89' lang='lat' dir='ltr'>per</span> <span class='ocrx_word' id='word_1_107' title='bbox 785 1130 839 1152; x_wconf 87' lang='lat' dir='ltr'>cos</span> <span class='ocrx_word' id='word_1_108' title='bbox 854 1123 1025 1163; x_wconf 85' lang='lat' dir='ltr'>propterea</span> <span class='ocrx_word' id='word_1_109' title='bbox 1040 1118 1211 1162; x_wconf 86' lang='lat' dir='ltr'>quomodo-</span> 
     </span>
     <span class='ocr_line' id='line_1_34' title="bbox 470 1172 1211 1215; baseline -0.003 -10"><span class='ocrx_word' id='word_1_110' title='bbox 470 1173 543 1206; x_wconf 84' lang='lat' dir='ltr'>libet</span> <span class='ocrx_word' id='word_1_111' title='bbox 562 1179 730 1213; x_wconf 82' lang='lat' dir='ltr'>contracta,</span> <span class='ocrx_word' id='word_1_112' title='bbox 751 1173 797 1205; x_wconf 67' lang='lat' dir='ltr'>x‘cl</span> <span class='ocrx_word' id='word_1_113' title='bbox 816 1173 909 1205; x_wconf 85' lang='lat' dir='ltr'>ctiam</span> <span class='ocrx_word' id='word_1_114' title='bbox 924 1183 958 1205; x_wconf 78' lang='lat' dir='ltr'>cx</span> <span class='ocrx_word' id='word_1_115' title='bbox 977 1183 1025 1211; x_wconf 88' lang='lat' dir='ltr'>co,</span> <span class='ocrx_word' id='word_1_116' title='bbox 1041 1172 1124 1215; x_wconf 89' lang='lat' dir='ltr'>quod</span> <span class='ocrx_word' id='word_1_117' title='bbox 1143 1182 1211 1204; x_wconf 81' lang='lat' dir='ltr'>ecn-</span> 
     </span>
     <span class='ocr_line' id='line_1_35' title="bbox 471 1225 1209 1269; baseline -0.001 -12"><span class='ocrx_word' id='word_1_118' title='bbox 471 1227 551 1259; x_wconf 86' lang='lat' dir='ltr'>suris</span> <span class='ocrx_word' id='word_1_119' title='bbox 567 1227 746 1259; x_wconf 82' lang='lat' dir='ltr'>huiusmodi</span> <span class='ocrx_word' id='word_1_120' title='bbox 760 1226 845 1269; x_wconf 82' lang='lat' dir='ltr'>ligati</span> <span class='ocrx_word' id='word_1_121' title='bbox 861 1227 970 1258; x_wconf 86' lang='lat' dir='ltr'>missas</span> <span class='ocrx_word' id='word_1_122' title='bbox 984 1231 1010 1257; x_wconf 80' lang='lat' dir='ltr'>et</span> <span class='ocrx_word' id='word_1_123' title='bbox 1030 1226 1090 1257; x_wconf 87' lang='lat' dir='ltr'>alia</span> <span class='ocrx_word' id='word_1_124' title='bbox 1107 1225 1209 1257; x_wconf 65' lang='lat' dir='ltr'>dirina</span> 
     </span>
     <span class='ocr_line' id='line_1_36' title="bbox 470 1279 1209 1319; baseline -0.003 -8"><span class='ocrx_word' id='word_1_125' title='bbox 470 1279 581 1319; x_wconf 81' lang='lat' dir='ltr'>officia,</span> <span class='ocrx_word' id='word_1_126' title='bbox 602 1279 775 1312; x_wconf 89' lang='lat' dir='ltr'>dummodo</span> <span class='ocrx_word' id='word_1_127' title='bbox 801 1285 904 1311; x_wconf 88' lang='lat' dir='ltr'>tamen</span> <span class='ocrx_word' id='word_1_128' title='bbox 927 1289 990 1311; x_wconf 93' lang='lat' dir='ltr'>non</span> <span class='ocrx_word' id='word_1_129' title='bbox 1015 1279 1045 1310; x_wconf 90' lang='lat' dir='ltr'>in</span> <span class='ocrx_word' id='word_1_130' title='bbox 1070 1284 1209 1310; x_wconf 83' lang='lat' dir='ltr'>contem-</span> 
     </span>
     <span class='ocr_line' id='line_1_37' title="bbox 471 1331 1209 1375; baseline 0 -13"><span class='ocrx_word' id='word_1_131' title='bbox 471 1336 557 1375; x_wconf 82' lang='lat' dir='ltr'>ptum</span> <span class='ocrx_word' id='word_1_132' title='bbox 582 1333 726 1371; x_wconf 71' lang='lat' dir='ltr'>(larium,</span> <span class='ocrx_word' id='word_1_133' title='bbox 744 1332 982 1369; x_wconf 63' lang='lat' dir='ltr'>celebraverint,</span> <span class='ocrx_word' id='word_1_134' title='bbox 1003 1336 1056 1363; x_wconf 90' lang='lat' dir='ltr'>aut</span> <span class='ocrx_word' id='word_1_135' title='bbox 1079 1331 1155 1362; x_wconf 77' lang='lat' dir='ltr'>alias</span> <span class='ocrx_word' id='word_1_136' title='bbox 1180 1331 1209 1362; x_wconf 89' lang='lat' dir='ltr'>in</span> 
     </span>
     <span class='ocr_line' id='line_1_38' title="bbox 470 1384 1207 1428; baseline -0.003 -11"><span class='ocrx_word' id='word_1_137' title='bbox 470 1386 581 1418; x_wconf 79' lang='lat' dir='ltr'>divinis</span> <span class='ocrx_word' id='word_1_138' title='bbox 606 1397 638 1419; x_wconf 87' lang='lat' dir='ltr'>se</span> <span class='ocrx_word' id='word_1_139' title='bbox 663 1385 909 1425; x_wconf 63' lang='lat' dir='ltr'>immiscuerint,</span> <span class='ocrx_word' id='word_1_140' title='bbox 932 1385 1079 1428; x_wconf 89' lang='lat' dir='ltr'>quodque.</span> <span class='ocrx_word' id='word_1_141' title='bbox 1104 1384 1156 1416; x_wconf 80' lang='lat' dir='ltr'>illa</span> <span class='ocrx_word' id='word_1_142' title='bbox 1181 1389 1207 1416; x_wconf 89' lang='lat' dir='ltr'>et</span> 
     </span>
     <span class='ocr_line' id='line_1_39' title="bbox 470 1437 1210 1482; baseline -0.003 -11"><span class='ocrx_word' id='word_1_143' title='bbox 470 1439 538 1471; x_wconf 91' lang='lat' dir='ltr'>aliis</span> <span class='ocrx_word' id='word_1_144' title='bbox 554 1439 734 1482; x_wconf 82' lang='lat' dir='ltr'>praemissis</span> <span class='ocrx_word' id='word_1_145' title='bbox 751 1449 812 1472; x_wconf 90' lang='lat' dir='ltr'>non</span> <span class='ocrx_word' id='word_1_146' title='bbox 831 1438 1026 1471; x_wconf 82' lang='lat' dir='ltr'>obstantibus</span> <span class='ocrx_word' id='word_1_147' title='bbox 1042 1437 1080 1469; x_wconf 93' lang='lat' dir='ltr'>ad</span> <span class='ocrx_word' id='word_1_148' title='bbox 1101 1447 1210 1469; x_wconf 88' lang='lat' dir='ltr'>omnes</span> 
     </span>
     <span class='ocr_line' id='line_1_40' title="bbox 470 1490 1210 1535; baseline -0.004 -10"><span class='ocrx_word' id='word_1_149' title='bbox 470 1492 561 1525; x_wconf 87' lang='lat' dir='ltr'>etiam</span> <span class='ocrx_word' id='word_1_150' title='bbox 577 1503 683 1525; x_wconf 84' lang='lat' dir='ltr'>sacros</span> <span class='ocrx_word' id='word_1_151' title='bbox 698 1497 728 1525; x_wconf 86' lang='lat' dir='ltr'>et</span> <span class='ocrx_word' id='word_1_152' title='bbox 741 1492 974 1535; x_wconf 66' lang='lat' dir='ltr'>presbyteratus</span> <span class='ocrx_word' id='word_1_153' title='bbox 987 1490 1123 1530; x_wconf 86' lang='lat' dir='ltr'>ordines,</span> <span class='ocrx_word' id='word_1_154' title='bbox 1135 1491 1210 1522; x_wconf 82' lang='lat' dir='ltr'>alias</span> 
     </span>
    </p>
   </div>
   <div class='ocr_carea' id='block_1_9' title="bbox 471 1544 1229 1578">
    <p class='ocr_par' dir='ltr' id='par_1_10' title="bbox 471 1544 1229 1578">
     <span class='ocr_line' id='line_1_41' title="bbox 471 1544 1229 1578; baseline -0.004 0"><span class='ocrx_word' id='word_1_155' title='bbox 471 1546 528 1578; x_wconf 90' lang='lat' dir='ltr'>rite</span> <span class='ocrx_word' id='word_1_156' title='bbox 560 1551 588 1578; x_wconf 91' lang='lat' dir='ltr'>et</span> <span class='ocrx_word' id='word_1_157' title='bbox 619 1546 790 1578; x_wconf 87' lang='lat' dir='ltr'>dummodo</span> <span class='ocrx_word' id='word_1_158' title='bbox 822 1546 942 1577; x_wconf 87' lang='lat' dir='ltr'>nullum</span> <span class='ocrx_word' id='word_1_159' title='bbox 976 1544 1067 1577; x_wconf 89' lang='lat' dir='ltr'>alicui</span> <span class='ocrx_word' id='word_1_160' title='bbox 1099 1554 1229 1576; x_wconf 89' lang='lat' dir='ltr'>eorum·</span> 
     </span>
    </p>
   </div>
   <div class='ocr_carea' id='block_1_10' title="bbox 468 1598 1211 2600">
    <p class='ocr_par' dir='ltr' id='par_1_11' title="bbox 470 1598 1211 1855">
     <span class='ocr_line' id='line_1_42' title="bbox 470 1598 1211 1641; baseline -0.005 -9"><span class='ocrx_word' id='word_1_161' title='bbox 470 1600 571 1632; x_wconf 83' lang='lat' dir='ltr'>obstet</span> <span class='ocrx_word' id='word_1_162' title='bbox 595 1599 779 1631; x_wconf 86' lang='lat' dir='ltr'>canonicum</span> <span class='ocrx_word' id='word_1_163' title='bbox 804 1598 1211 1641; x_wconf 85' lang='lat' dir='ltr'>impedimentum,promo-</span> 
     </span>
     <span class='ocr_line' id='line_1_43' title="bbox 471 1650 1211 1694; baseline -0.003 -11"><span class='ocrx_word' id='word_1_164' title='bbox 471 1653 545 1691; x_wconf 69' lang='lat' dir='ltr'>veri,</span> <span class='ocrx_word' id='word_1_165' title='bbox 563 1657 592 1684; x_wconf 92' lang='lat' dir='ltr'>et</span> <span class='ocrx_word' id='word_1_166' title='bbox 609 1652 640 1684; x_wconf 91' lang='lat' dir='ltr'>in</span> <span class='ocrx_word' id='word_1_167' title='bbox 658 1652 718 1684; x_wconf 91' lang='lat' dir='ltr'>illis</span> <span class='ocrx_word' id='word_1_168' title='bbox 735 1657 764 1684; x_wconf 88' lang='lat' dir='ltr'>et</span> <span class='ocrx_word' id='word_1_169' title='bbox 781 1651 812 1683; x_wconf 89' lang='lat' dir='ltr'>in</span> <span class='ocrx_word' id='word_1_170' title='bbox 830 1651 980 1694; x_wconf 77' lang='lat' dir='ltr'>susceptis</span> <span class='ocrx_word' id='word_1_171' title='bbox 996 1660 1118 1693; x_wconf 82' lang='lat' dir='ltr'>percos</span> <span class='ocrx_word' id='word_1_172' title='bbox 1136 1650 1211 1682; x_wconf 82' lang='lat' dir='ltr'>alias</span> 
     </span>
     <span class='ocr_line' id='line_1_44' title="bbox 471 1703 1210 1737; baseline -0.003 0"><span class='ocrx_word' id='word_1_173' title='bbox 471 1705 529 1737; x_wconf 88' lang='lat' dir='ltr'>rite</span> <span class='ocrx_word' id='word_1_174' title='bbox 553 1705 716 1737; x_wconf 81' lang='lat' dir='ltr'>ordinibus</span> <span class='ocrx_word' id='word_1_175' title='bbox 742 1704 834 1736; x_wconf 88' lang='lat' dir='ltr'>etiam</span> <span class='ocrx_word' id='word_1_176' title='bbox 860 1704 892 1736; x_wconf 86' lang='lat' dir='ltr'>iu</span> <span class='ocrx_word' id='word_1_177' title='bbox 911 1704 1016 1736; x_wconf 89' lang='lat' dir='ltr'>altaris</span> <span class='ocrx_word' id='word_1_178' title='bbox 1037 1703 1210 1736; x_wconf 88' lang='lat' dir='ltr'>ministerio</span> 
     </span>
     <span class='ocr_line' id='line_1_45' title="bbox 472 1757 1210 1796; baseline -0.004 -6"><span class='ocrx_word' id='word_1_179' title='bbox 472 1759 649 1791; x_wconf 88' lang='lat' dir='ltr'>ministrare</span> <span class='ocrx_word' id='word_1_180' title='bbox 674 1758 766 1791; x_wconf 87' lang='lat' dir='ltr'>ctiam</span> <span class='ocrx_word' id='word_1_181' title='bbox 791 1757 888 1789; x_wconf 88' lang='lat' dir='ltr'>libere</span> <span class='ocrx_word' id='word_1_182' title='bbox 913 1761 941 1790; x_wconf 92' lang='lat' dir='ltr'>ct</span> <span class='ocrx_word' id='word_1_183' title='bbox 966 1757 1048 1789; x_wconf 88' lang='lat' dir='ltr'>licite</span> <span class='ocrx_word' id='word_1_184' title='bbox 1073 1757 1210 1796; x_wconf 75' lang='lat' dir='ltr'>valcant,</span> 
     </span>
     <span class='ocr_line' id='line_1_46' title="bbox 470 1813 695 1855; baseline 0 -11"><span class='ocrx_word' id='word_1_185' title='bbox 470 1813 695 1855; x_wconf 80' lang='lat' dir='ltr'>dispensamus.</span> 
     </span>
    </p>

    <p class='ocr_par' dir='ltr' id='par_1_12' title="bbox 468 1862 1211 2322">
     <span class='ocr_line' id='line_1_47' title="bbox 515 1862 1211 1908; baseline -0.004 -11"><span class='ocrx_word' id='word_1_186' title='bbox 515 1866 530 1908; x_wconf 60' lang='grc' dir='ltr'><strong>ξ</strong></span> <span class='ocrx_word' id='word_1_187' title='bbox 554 1865 583 1898; x_wconf 76' lang='grc'>9.</span> <span class='ocrx_word' id='word_1_188' title='bbox 610 1866 651 1897; x_wconf 76' lang='lat' dir='ltr'>Ac</span> <span class='ocrx_word' id='word_1_189' title='bbox 672 1864 797 1897; x_wconf 87' lang='lat' dir='ltr'>eosdem</span> <span class='ocrx_word' id='word_1_190' title='bbox 815 1863 1030 1902; x_wconf 75' lang='lat' dir='ltr'>conclavistas,</span> <span class='ocrx_word' id='word_1_191' title='bbox 1049 1862 1073 1896; x_wconf 88' lang='lat' dir='ltr'>si</span> <span class='ocrx_word' id='word_1_192' title='bbox 1090 1863 1142 1906; x_wconf 89' lang='lat' dir='ltr'>qui</span> <span class='ocrx_word' id='word_1_193' title='bbox 1163 1873 1211 1895; x_wconf 93' lang='lat' dir='ltr'>co-</span> 
     </span>
     <span class='ocr_line' id='line_1_48' title="bbox 471 1917 1211 1959; baseline -0.003 -10"><span class='ocrx_word' id='word_1_194' title='bbox 471 1928 540 1950; x_wconf 90' lang='lat' dir='ltr'>rum</span> <span class='ocrx_word' id='word_1_195' title='bbox 559 1918 712 1950; x_wconf 86' lang='lat' dir='ltr'>defectum</span> <span class='ocrx_word' id='word_1_196' title='bbox 731 1917 879 1950; x_wconf 85' lang='lat' dir='ltr'>natalium</span> <span class='ocrx_word' id='word_1_197' title='bbox 897 1917 1069 1959; x_wconf 80' lang='lat' dir='ltr'>patiuntur,</span> <span class='ocrx_word' id='word_1_198' title='bbox 1083 1927 1119 1948; x_wconf 81' lang='lat' dir='ltr'>ex</span> <span class='ocrx_word' id='word_1_199' title='bbox 1137 1926 1211 1959; x_wconf 90' lang='lat' dir='ltr'>quo-</span> 
     </span>
     <span class='ocr_line' id='line_1_49' title="bbox 470 1969 1209 2014; baseline -0.003 -11"><span class='ocrx_word' id='word_1_200' title='bbox 470 1982 604 2014; x_wconf 79' lang='lat' dir='ltr'>cumque</span> <span class='ocrx_word' id='word_1_201' title='bbox 621 1971 767 2003; x_wconf 86' lang='lat' dir='ltr'>damnato</span> <span class='ocrx_word' id='word_1_202' title='bbox 785 1976 814 2003; x_wconf 89' lang='lat' dir='ltr'>ct</span> <span class='ocrx_word' id='word_1_203' title='bbox 836 1971 945 2003; x_wconf 90' lang='lat' dir='ltr'>illicito</span> <span class='ocrx_word' id='word_1_204' title='bbox 970 1970 1070 2009; x_wconf 83' lang='lat' dir='ltr'>coitu,</span> <span class='ocrx_word' id='word_1_205' title='bbox 1088 1969 1209 2002; x_wconf 88' lang='lat' dir='ltr'>etiamsi</span> 
     </span>
     <span class='ocr_line' id='line_1_50' title="bbox 470 2023 1211 2066; baseline -0.001 -10"><span class='ocrx_word' id='word_1_206' title='bbox 470 2035 505 2056; x_wconf 78' lang='lat' dir='ltr'>ex</span> <span class='ocrx_word' id='word_1_207' title='bbox 530 2024 733 2056; x_wconf 85' lang='lat' dir='ltr'>nobilissimis</span> <span class='ocrx_word' id='word_1_208' title='bbox 757 2024 939 2066; x_wconf 87' lang='lat' dir='ltr'>parentibus</span> <span class='ocrx_word' id='word_1_209' title='bbox 968 2027 999 2056; x_wconf 85' lang='lat' dir='ltr'>et</span> <span class='ocrx_word' id='word_1_210' title='bbox 1034 2023 1147 2055; x_wconf 71' lang='lat' dir='ltr'>vilibus</span> <span class='ocrx_word' id='word_1_211' title='bbox 1172 2023 1211 2055; x_wconf 83' lang='lat' dir='ltr'>se-</span> 
     </span>
     <span class='ocr_line' id='line_1_51' title="bbox 469 2075 1211 2120; baseline -0.001 -12"><span class='ocrx_word' id='word_1_212' title='bbox 469 2077 560 2109; x_wconf 85' lang='lat' dir='ltr'>minis</span> <span class='ocrx_word' id='word_1_213' title='bbox 584 2077 687 2109; x_wconf 83' lang='lat' dir='ltr'>forsan</span> <span class='ocrx_word' id='word_1_214' title='bbox 712 2076 869 2120; x_wconf 82' lang='lat' dir='ltr'>procreati</span> <span class='ocrx_word' id='word_1_215' title='bbox 895 2076 964 2116; x_wconf 87' lang='lat' dir='ltr'>sint,</span> <span class='ocrx_word' id='word_1_216' title='bbox 990 2075 1110 2108; x_wconf 90' lang='lat' dir='ltr'>etiamsi</span> <span class='ocrx_word' id='word_1_217' title='bbox 1136 2075 1211 2117; x_wconf 77' lang='lat' dir='ltr'>legi-</span> 
     </span>
     <span class='ocr_line' id='line_1_52' title="bbox 470 2129 1210 2172; baseline -0.003 -10"><span class='ocrx_word' id='word_1_218' title='bbox 470 2130 567 2162; x_wconf 86' lang='lat' dir='ltr'>timati</span> <span class='ocrx_word' id='word_1_219' title='bbox 581 2130 722 2169; x_wconf 75' lang='lat' dir='ltr'>existant,</span> <span class='ocrx_word' id='word_1_220' title='bbox 736 2130 957 2172; x_wconf 80' lang='lat' dir='ltr'>legitimamus,</span> <span class='ocrx_word' id='word_1_221' title='bbox 969 2139 1158 2171; x_wconf 87' lang='lat' dir='ltr'>omnemque</span> <span class='ocrx_word' id='word_1_222' title='bbox 1172 2129 1210 2160; x_wconf 90' lang='lat' dir='ltr'>ab</span> 
     </span>
     <span class='ocr_line' id='line_1_53' title="bbox 470 2181 1209 2226; baseline -0.003 -11"><span class='ocrx_word' id='word_1_223' title='bbox 470 2183 527 2215; x_wconf 77' lang='lat' dir='ltr'>illis</span> <span class='ocrx_word' id='word_1_224' title='bbox 553 2183 714 2226; x_wconf 72' lang='lat' dir='ltr'>geniturae</span> <span class='ocrx_word' id='word_1_225' title='bbox 743 2182 924 2215; x_wconf 87' lang='lat' dir='ltr'>huiusmodi</span> <span class='ocrx_word' id='word_1_226' title='bbox 958 2182 1112 2215; x_wconf 82' lang='lat' dir='ltr'>maculam</span> <span class='ocrx_word' id='word_1_227' title='bbox 1146 2181 1209 2214; x_wconf 74' lang='lat' dir='ltr'>sive</span> 
     </span>
     <span class='ocr_line' id='line_1_54' title="bbox 468 2235 1211 2279; baseline -0.001 -11"><span class='ocrx_word' id='word_1_228' title='bbox 468 2247 571 2269; x_wconf 65' lang='lat' dir='ltr'>notam</span> <span class='ocrx_word' id='word_1_229' title='bbox 594 2236 803 2279; x_wconf 76' lang='lat' dir='ltr'>abstergimus</span> <span class='ocrx_word' id='word_1_230' title='bbox 823 2242 850 2268; x_wconf 90' lang='lat' dir='ltr'>et</span> <span class='ocrx_word' id='word_1_231' title='bbox 868 2236 1040 2276; x_wconf 82' lang='lat' dir='ltr'>abolemus,</span> <span class='ocrx_word' id='word_1_232' title='bbox 1058 2246 1092 2268; x_wconf 88' lang='lat' dir='ltr'>ac</span> <span class='ocrx_word' id='word_1_233' title='bbox 1110 2235 1211 2277; x_wconf 84' lang='lat' dir='ltr'>legiti-</span> 
     </span>
     <span class='ocr_line' id='line_1_55' title="bbox 469 2289 916 2322; baseline 0 -1"><span class='ocrx_word' id='word_1_234' title='bbox 469 2300 526 2321; x_wconf 70' lang='lat' dir='ltr'>mus</span> <span class='ocrx_word' id='word_1_235' title='bbox 542 2290 696 2321; x_wconf 75' lang='lat' dir='ltr'>natalibus</span> <span class='ocrx_word' id='word_1_236' title='bbox 715 2289 916 2322; x_wconf 85' lang='lat' dir='ltr'>restituimus.</span> 
     </span>
    </p>

    <p class='ocr_par' dir='ltr' id='par_1_13' title="bbox 469 2341 1210 2600">
     <span class='ocr_line' id='line_1_56' title="bbox 514 2341 1210 2386; baseline -0.003 -10"><span class='ocrx_word' id='word_1_237' title='bbox 514 2344 527 2383; x_wconf 66' lang='grc' dir='ltr'>ξ</span> <span class='ocrx_word' id='word_1_238' title='bbox 558 2343 602 2375; x_wconf 77' lang='grc' dir='ltr'>ΞΟ.</span> <span class='ocrx_word' id='word_1_239' title='bbox 621 2344 657 2376; x_wconf 87' lang='lat' dir='ltr'>Et</span> <span class='ocrx_word' id='word_1_240' title='bbox 674 2354 745 2376; x_wconf 90' lang='lat' dir='ltr'>cum</span> <span class='ocrx_word' id='word_1_241' title='bbox 763 2354 872 2376; x_wconf 88' lang='lat' dir='ltr'>eorum</span> <span class='ocrx_word' id='word_1_242' title='bbox 891 2342 1032 2385; x_wconf 82' lang='lat' dir='ltr'>singulis,</span> <span class='ocrx_word' id='word_1_243' title='bbox 1050 2347 1084 2375; x_wconf 91' lang='lat' dir='ltr'>ut</span> <span class='ocrx_word' id='word_1_244' title='bbox 1102 2342 1132 2374; x_wconf 86' lang='lat' dir='ltr'>in</span> <span class='ocrx_word' id='word_1_245' title='bbox 1145 2341 1210 2386; x_wconf 88' lang='lat' dir='ltr'>qui-</span> 
     </span>
     <span class='ocr_line' id='line_1_57' title="bbox 470 2395 1210 2440; baseline 0 -13"><span class='ocrx_word' id='word_1_246' title='bbox 470 2398 664 2440; x_wconf 57' lang='lat' dir='ltr'>luscumque</span> <span class='ocrx_word' id='word_1_247' title='bbox 678 2397 769 2429; x_wconf 87' lang='lat' dir='ltr'>bonis</span> <span class='ocrx_word' id='word_1_248' title='bbox 785 2396 921 2440; x_wconf 89' lang='lat' dir='ltr'>paternis</span> <span class='ocrx_word' id='word_1_249' title='bbox 935 2402 963 2428; x_wconf 92' lang='lat' dir='ltr'>ct</span> <span class='ocrx_word' id='word_1_250' title='bbox 978 2395 1128 2428; x_wconf 85' lang='lat' dir='ltr'>maternis</span> <span class='ocrx_word' id='word_1_251' title='bbox 1138 2395 1210 2428; x_wconf 87' lang='lat' dir='ltr'>alio-</span> 
     </span>
     <span class='ocr_line' id='line_1_58' title="bbox 470 2450 1208 2492; baseline -0.003 -10"><span class='ocrx_word' id='word_1_252' title='bbox 470 2461 539 2482; x_wconf 87' lang='lat' dir='ltr'>rum</span> <span class='ocrx_word' id='word_1_253' title='bbox 564 2450 871 2492; x_wconf 74' lang='lat' dir='ltr'>consanguineorum</span> <span class='ocrx_word' id='word_1_254' title='bbox 901 2460 956 2482; x_wconf 87' lang='lat' dir='ltr'>scu</span> <span class='ocrx_word' id='word_1_255' title='bbox 981 2453 1208 2492; x_wconf 79' lang='lat' dir='ltr'>cognatorum,</span> 
     </span>
     <span class='ocr_line' id='line_1_59' title="bbox 469 2503 1208 2546; baseline -0.001 -11"><span class='ocrx_word' id='word_1_256' title='bbox 469 2504 515 2535; x_wconf 71' lang='lat' dir='ltr'>rel</span> <span class='ocrx_word' id='word_1_257' title='bbox 541 2503 674 2535; x_wconf 88' lang='lat' dir='ltr'>aliorum</span> <span class='ocrx_word' id='word_1_258' title='bbox 700 2514 988 2546; x_wconf 87' lang='lat' dir='ltr'>quorumcumque,</span> <span class='ocrx_word' id='word_1_259' title='bbox 1015 2503 1080 2535; x_wconf 86' lang='lat' dir='ltr'>sine</span> <span class='ocrx_word' id='word_1_260' title='bbox 1106 2508 1208 2535; x_wconf 89' lang='lat' dir='ltr'>tamen</span> 
     </span>
     <span class='ocr_line' id='line_1_60' title="bbox 470 2556 1208 2600; baseline 0.001 -14"><span class='ocrx_word' id='word_1_261' title='bbox 470 2557 661 2600; x_wconf 73' lang='lat' dir='ltr'>praeiudicio</span> <span class='ocrx_word' id='word_1_262' title='bbox 686 2557 875 2589; x_wconf 70' lang='lat' dir='ltr'>venientium</span> <span class='ocrx_word' id='word_1_263' title='bbox 901 2557 939 2589; x_wconf 90' lang='lat' dir='ltr'>ab</span> <span class='ocrx_word' id='word_1_264' title='bbox 970 2556 1136 2596; x_wconf 85' lang='lat' dir='ltr'>intestato,</span> <span class='ocrx_word' id='word_1_265' title='bbox 1161 2556 1208 2588; x_wconf 69' lang='lat' dir='ltr'>vel</span> 
     </span>
    </p>
   </div>
   <div class='ocr_carea' id='block_1_11' title="bbox 1225 870 1230 2687">
    <p class='ocr_par' dir='ltr' id='par_1_14' title="bbox 1225 870 1230 2687">
     <span class='ocr_line' id='line_1_61' title="bbox 1225 870 1230 2687; baseline 0 0"><span class='ocrx_word' id='word_1_266' title='bbox 1225 870 1230 2687; x_wconf 95' lang='lat' dir='ltr'> </span> 
     </span>
    </p>
   </div>
   <div class='ocr_carea' id='block_1_12' title="bbox 470 2608 1226 2707">
    <p class='ocr_par' dir='ltr' id='par_1_15' title="bbox 470 2608 1226 2707">
     <span class='ocr_line' id='line_1_62' title="bbox 470 2608 1208 2650; baseline 0.001 -10"><span class='ocrx_word' id='word_1_267' title='bbox 470 2620 505 2641; x_wconf 69' lang='lat' dir='ltr'>cx</span> <span class='ocrx_word' id='word_1_268' title='bbox 528 2609 783 2650; x_wconf 77' lang='lat' dir='ltr'>fideicommisso,</span> <span class='ocrx_word' id='word_1_269' title='bbox 805 2621 860 2642; x_wconf 85' lang='lat' dir='ltr'>seu</span> <span class='ocrx_word' id='word_1_270' title='bbox 877 2609 951 2642; x_wconf 78' lang='lat' dir='ltr'>alias</span> <span class='ocrx_word' id='word_1_271' title='bbox 969 2609 1006 2641; x_wconf 88' lang='lat' dir='ltr'>de</span> <span class='ocrx_word' id='word_1_272' title='bbox 1024 2610 1091 2642; x_wconf 87' lang='lat' dir='ltr'>iure</span> <span class='ocrx_word' id='word_1_273' title='bbox 1108 2608 1208 2641; x_wconf 71' lang='lat' dir='ltr'>valida</span> 
     </span>
     <span class='ocr_line' id='line_1_63' title="bbox 470 2663 1226 2707; baseline 0 -12"><span class='ocrx_word' id='word_1_274' title='bbox 470 2664 682 2707; x_wconf 67' lang='lat' dir='ltr'>tlisp‹2›siti‹jiite,</span> <span class='ocrx_word' id='word_1_275' title='bbox 701 2667 727 2696; x_wconf 79' lang='lat' dir='ltr'>et</span> <span class='ocrx_word' id='word_1_276' title='bbox 754 2669 972 2706; x_wconf 67' lang='lat' dir='ltr'>praeterquam</span> <span class='ocrx_word' id='word_1_277' title='bbox 998 2663 1026 2695; x_wconf 85' lang='lat' dir='ltr'>iu</span> <span class='ocrx_word' id='word_1_278' title='bbox 1052 2663 1142 2695; x_wconf 72' lang='lat' dir='ltr'>bonis</span> <span class='ocrx_word' id='word_1_279' title='bbox 1163 2674 1226 2700; x_wconf 51' lang='grc' dir='ltr'>νὺ,</span> 
     </span>
    </p>
   </div>
   <div class='ocr_carea' id='block_1_13' title="bbox 1056 273 1411 297">
    <p class='ocr_par' dir='ltr' id='par_1_16' title="bbox 1056 273 1411 297">
     <span class='ocr_line' id='line_1_64' title="bbox 1056 273 1411 297; baseline -0.003 0"><span class='ocrx_word' id='word_1_280' title='bbox 1056 274 1231 297; x_wconf 60' lang='lat' dir='ltr'>nummum</span> <span class='ocrx_word' id='word_1_281' title='bbox 1259 273 1411 296; x_wconf 72' lang='lat' dir='ltr'>tiOMANUM</span> 
     </span>
    </p>
   </div>
   <div class='ocr_carea' id='block_1_14' title="bbox 1242 317 1990 2706">
    <p class='ocr_par' dir='ltr' id='par_1_17' title="bbox 1245 317 1987 736">
     <span class='ocr_line' id='line_1_65' title="bbox 1246 317 1985 362; baseline -0.003 -9"><span class='ocrx_word' id='word_1_282' title='bbox 1246 321 1427 354; x_wconf 90' lang='lat' dir='ltr'>clesiasticis</span> <span class='ocrx_word' id='word_1_283' title='bbox 1442 323 1472 354; x_wconf 85' lang='lat' dir='ltr'>et</span> <span class='ocrx_word' id='word_1_284' title='bbox 1490 319 1529 352; x_wconf 88' lang='lat' dir='ltr'>ab</span> <span class='ocrx_word' id='word_1_285' title='bbox 1554 318 1692 352; x_wconf 72' lang='lat' dir='ltr'>Ecclesia</span> <span class='ocrx_word' id='word_1_286' title='bbox 1717 317 1985 362; x_wconf 86' lang='lat' dir='ltr'>provenientibus,</span> 
     </span>
     <span class='ocr_line' id='line_1_66' title="bbox 1246 371 1987 415; baseline -0.005 -8"><span class='ocrx_word' id='word_1_287' title='bbox 1246 374 1424 414; x_wconf 83' lang='lat' dir='ltr'>succedere,</span> <span class='ocrx_word' id='word_1_288' title='bbox 1441 378 1471 406; x_wconf 89' lang='lat' dir='ltr'>et</span> <span class='ocrx_word' id='word_1_289' title='bbox 1488 373 1540 405; x_wconf 89' lang='lat' dir='ltr'>illa</span> <span class='ocrx_word' id='word_1_290' title='bbox 1563 371 1738 406; x_wconf 89' lang='lat' dir='ltr'>donationis</span> <span class='ocrx_word' id='word_1_291' title='bbox 1761 371 1809 404; x_wconf 88' lang='lat' dir='ltr'>vel</span> <span class='ocrx_word' id='word_1_292' title='bbox 1833 371 1896 404; x_wconf 89' lang='lat' dir='ltr'>alio</span> <span class='ocrx_word' id='word_1_293' title='bbox 1912 381 1987 415; x_wconf 88' lang='lat' dir='ltr'>quo-</span> 
     </span>
     <span class='ocr_line' id='line_1_67' title="bbox 1246 424 1986 471; baseline -0.004 -11"><span class='ocrx_word' id='word_1_294' title='bbox 1246 427 1291 460; x_wconf 76' lang='lat' dir='ltr'>vis</span> <span class='ocrx_word' id='word_1_295' title='bbox 1307 427 1397 460; x_wconf 92' lang='lat' dir='ltr'>titulo</span> <span class='ocrx_word' id='word_1_296' title='bbox 1410 427 1559 471; x_wconf 87' lang='lat' dir='ltr'>consequi</span> <span class='ocrx_word' id='word_1_297' title='bbox 1576 431 1606 459; x_wconf 89' lang='lat' dir='ltr'>et</span> <span class='ocrx_word' id='word_1_298' title='bbox 1622 425 1748 467; x_wconf 88' lang='lat' dir='ltr'>habere,</span> <span class='ocrx_word' id='word_1_299' title='bbox 1765 435 1801 458; x_wconf 87' lang='lat' dir='ltr'>ac</span> <span class='ocrx_word' id='word_1_300' title='bbox 1817 424 1856 457; x_wconf 90' lang='lat' dir='ltr'>ad</span> <span class='ocrx_word' id='word_1_301' title='bbox 1871 435 1986 469; x_wconf 83' lang='lat' dir='ltr'>aequa-</span> 
     </span>
     <span class='ocr_line' id='line_1_68' title="bbox 1245 477 1987 524; baseline -0.004 -11"><span class='ocrx_word' id='word_1_302' title='bbox 1245 480 1290 513; x_wconf 85' lang='lat' dir='ltr'>les</span> <span class='ocrx_word' id='word_1_303' title='bbox 1303 480 1464 524; x_wconf 83' lang='lat' dir='ltr'>portiones</span> <span class='ocrx_word' id='word_1_304' title='bbox 1481 490 1553 512; x_wconf 92' lang='lat' dir='ltr'>cum</span> <span class='ocrx_word' id='word_1_305' title='bbox 1569 478 1717 522; x_wconf 80' lang='lat' dir='ltr'>legitimis</span> <span class='ocrx_word' id='word_1_306' title='bbox 1734 477 1903 511; x_wconf 84' lang='lat' dir='ltr'>succedere</span> <span class='ocrx_word' id='word_1_307' title='bbox 1919 478 1987 521; x_wconf 91' lang='lat' dir='ltr'>(eos</span> 
     </span>
     <span class='ocr_line' id='line_1_69' title="bbox 1245 531 1986 575; baseline -0.003 -10"><span class='ocrx_word' id='word_1_308' title='bbox 1245 532 1283 565; x_wconf 90' lang='lat' dir='ltr'>ad</span> <span class='ocrx_word' id='word_1_309' title='bbox 1307 533 1412 566; x_wconf 90' lang='lat' dir='ltr'>omnia</span> <span class='ocrx_word' id='word_1_310' title='bbox 1438 533 1516 573; x_wconf 86' lang='lat' dir='ltr'>iura,</span> <span class='ocrx_word' id='word_1_311' title='bbox 1537 532 1693 575; x_wconf 86' lang='lat' dir='ltr'>legitimas</span> <span class='ocrx_word' id='word_1_312' title='bbox 1718 531 1931 564; x_wconf 82' lang='lat' dir='ltr'>successiones</span> <span class='ocrx_word' id='word_1_313' title='bbox 1950 541 1986 563; x_wconf 88' lang='lat' dir='ltr'>ex</span> 
     </span>
     <span class='ocr_line' id='line_1_70' title="bbox 1245 584 1986 627; baseline -0.004 -8"><span class='ocrx_word' id='word_1_314' title='bbox 1245 590 1440 627; x_wconf 88' lang='lat' dir='ltr'>testamento,</span> <span class='ocrx_word' id='word_1_315' title='bbox 1463 586 1510 618; x_wconf 77' lang='lat' dir='ltr'>vel</span> <span class='ocrx_word' id='word_1_316' title='bbox 1535 585 1573 618; x_wconf 87' lang='lat' dir='ltr'>ab</span> <span class='ocrx_word' id='word_1_317' title='bbox 1597 586 1743 619; x_wconf 85' lang='lat' dir='ltr'>intestato</span> <span class='ocrx_word' id='word_1_318' title='bbox 1767 584 1986 623; x_wconf 86' lang='lat' dir='ltr'>haereditates,</span> 
     </span>
     <span class='ocr_line' id='line_1_71' title="bbox 1245 637 1987 682; baseline -0.004 -10"><span class='ocrx_word' id='word_1_319' title='bbox 1245 639 1360 682; x_wconf 82' lang='lat' dir='ltr'>legata,</span> <span class='ocrx_word' id='word_1_320' title='bbox 1384 639 1562 679; x_wconf 85' lang='lat' dir='ltr'>libertates,</span> <span class='ocrx_word' id='word_1_321' title='bbox 1587 637 1781 671; x_wconf 89' lang='lat' dir='ltr'>restituendo</span> <span class='ocrx_word' id='word_1_322' title='bbox 1806 637 1933 670; x_wconf 85' lang='lat' dir='ltr'>realiter</span> <span class='ocrx_word' id='word_1_323' title='bbox 1957 643 1987 669; x_wconf 90' lang='lat' dir='ltr'>et</span> 
     </span>
     <span class='ocr_line' id='line_1_72' title="bbox 1245 692 1470 736; baseline 0 -11"><span class='ocrx_word' id='word_1_324' title='bbox 1245 703 1315 725; x_wconf 90' lang='lat' dir='ltr'>cum</span> <span class='ocrx_word' id='word_1_325' title='bbox 1334 692 1470 736; x_wconf 80' lang='lat' dir='ltr'>effectu),</span> 
     </span>
    </p>

    <p class='ocr_par' dir='ltr' id='par_1_18' title="bbox 1242 745 1990 2381">
     <span class='ocr_line' id='line_1_73' title="bbox 1288 745 1985 789; baseline -0.003 -11"><span class='ocrx_word' id='word_1_326' title='bbox 1288 746 1303 789; x_wconf 63' lang='grc' dir='ltr'>ἓ</span> <span class='ocrx_word' id='word_1_327' title='bbox 1320 745 1370 778; x_wconf 82' lang='grc'>11,</span> <span class='ocrx_word' id='word_1_328' title='bbox 1385 747 1428 778; x_wconf 83' lang='lat' dir='ltr'>Ac</span> <span class='ocrx_word' id='word_1_329' title='bbox 1441 745 1479 778; x_wconf 91' lang='lat' dir='ltr'>ad</span> <span class='ocrx_word' id='word_1_330' title='bbox 1496 745 1673 788; x_wconf 81' lang='lat' dir='ltr'>dignitates,</span> <span class='ocrx_word' id='word_1_331' title='bbox 1689 745 1828 778; x_wconf 90' lang='lat' dir='ltr'>honores</span> <span class='ocrx_word' id='word_1_332' title='bbox 1845 749 1875 777; x_wconf 84' lang='lat' dir='ltr'>et</span> <span class='ocrx_word' id='word_1_333' title='bbox 1890 754 1985 788; x_wconf 88' lang='lat' dir='ltr'>quac-</span> 
     </span>
     <span class='ocr_line' id='line_1_74' title="bbox 1244 797 1984 842; baseline -0.003 -11"><span class='ocrx_word' id='word_1_334' title='bbox 1244 809 1379 842; x_wconf 87' lang='lat' dir='ltr'>cumque</span> <span class='ocrx_word' id='word_1_335' title='bbox 1403 798 1462 831; x_wconf 88' lang='lat' dir='ltr'>alia</span> <span class='ocrx_word' id='word_1_336' title='bbox 1486 798 1588 831; x_wconf 86' lang='lat' dir='ltr'>officia</span> <span class='ocrx_word' id='word_1_337' title='bbox 1608 798 1770 837; x_wconf 86' lang='lat' dir='ltr'>secularia,</span> <span class='ocrx_word' id='word_1_338' title='bbox 1788 797 1916 841; x_wconf 90' lang='lat' dir='ltr'>publica</span> <span class='ocrx_word' id='word_1_339' title='bbox 1936 797 1984 830; x_wconf 83' lang='lat' dir='ltr'>vel</span> 
     </span>
     <span class='ocr_line' id='line_1_75' title="bbox 1243 851 1985 895; baseline -0.001 -11"><span class='ocrx_word' id='word_1_340' title='bbox 1243 852 1378 895; x_wconf 85' lang='lat' dir='ltr'>privata,</span> <span class='ocrx_word' id='word_1_341' title='bbox 1403 851 1498 885; x_wconf 86' lang='lat' dir='ltr'>etiarn</span> <span class='ocrx_word' id='word_1_342' title='bbox 1522 851 1656 891; x_wconf 89' lang='lat' dir='ltr'>assumi,</span> <span class='ocrx_word' id='word_1_343' title='bbox 1680 851 1795 894; x_wconf 87' lang='lat' dir='ltr'>illaque</span> <span class='ocrx_word' id='word_1_344' title='bbox 1819 861 1931 893; x_wconf 84' lang='lat' dir='ltr'>gerere</span> <span class='ocrx_word' id='word_1_345' title='bbox 1955 855 1985 883; x_wconf 89' lang='lat' dir='ltr'>et</span> 
     </span>
     <span class='ocr_line' id='line_1_76' title="bbox 1243 903 1985 948; baseline -0.001 -11"><span class='ocrx_word' id='word_1_346' title='bbox 1243 915 1400 945; x_wconf 81' lang='lat' dir='ltr'>exercere,</span> <span class='ocrx_word' id='word_1_347' title='bbox 1425 905 1456 936; x_wconf 93' lang='lat' dir='ltr'>in</span> <span class='ocrx_word' id='word_1_348' title='bbox 1480 904 1629 938; x_wconf 87' lang='lat' dir='ltr'>omnibus</span> <span class='ocrx_word' id='word_1_349' title='bbox 1646 909 1677 937; x_wconf 89' lang='lat' dir='ltr'>et</span> <span class='ocrx_word' id='word_1_350' title='bbox 1696 915 1754 948; x_wconf 90' lang='lat' dir='ltr'>per</span> <span class='ocrx_word' id='word_1_351' title='bbox 1773 904 1888 945; x_wconf 86' lang='lat' dir='ltr'>omnia,</span> <span class='ocrx_word' id='word_1_352' title='bbox 1906 914 1942 936; x_wconf 88' lang='lat' dir='ltr'>ac</span> <span class='ocrx_word' id='word_1_353' title='bbox 1960 903 1985 936; x_wconf 91' lang='lat' dir='ltr'>si</span> 
     </span>
     <span class='ocr_line' id='line_1_77' title="bbox 1243 956 1985 1000; baseline 0 -12"><span class='ocrx_word' id='word_1_354' title='bbox 1243 957 1281 989; x_wconf 92' lang='lat' dir='ltr'>de</span> <span class='ocrx_word' id='word_1_355' title='bbox 1305 957 1445 999; x_wconf 85' lang='lat' dir='ltr'>legitimo</span> <span class='ocrx_word' id='word_1_356' title='bbox 1470 957 1671 990; x_wconf 87' lang='lat' dir='ltr'>matrimonio</span> <span class='ocrx_word' id='word_1_357' title='bbox 1695 957 1853 1000; x_wconf 80' lang='lat' dir='ltr'>procreati</span> <span class='ocrx_word' id='word_1_358' title='bbox 1873 956 1985 997; x_wconf 87' lang='lat' dir='ltr'>forent,</span> 
     </span>
     <span class='ocr_line' id='line_1_78' title="bbox 1243 1009 1985 1049; baseline -0.001 -7"><span class='ocrx_word' id='word_1_359' title='bbox 1243 1020 1278 1042; x_wconf 88' lang='lat' dir='ltr'>ac</span> <span class='ocrx_word' id='word_1_360' title='bbox 1303 1009 1413 1042; x_wconf 83' lang='lat' dir='ltr'>eodem</span> <span class='ocrx_word' id='word_1_361' title='bbox 1438 1009 1560 1043; x_wconf 81' lang='lat' dir='ltr'>defectu</span> <span class='ocrx_word' id='word_1_362' title='bbox 1583 1019 1646 1042; x_wconf 91' lang='lat' dir='ltr'>non</span> <span class='ocrx_word' id='word_1_363' title='bbox 1672 1010 1826 1049; x_wconf 85' lang='lat' dir='ltr'>obstante,</span> <span class='ocrx_word' id='word_1_364' title='bbox 1851 1009 1876 1042; x_wconf 93' lang='lat' dir='ltr'>si</span> <span class='ocrx_word' id='word_1_365' title='bbox 1902 1009 1985 1041; x_wconf 86' lang='lat' dir='ltr'>aliud</span> 
     </span>
     <span class='ocr_line' id='line_1_79' title="bbox 1243 1061 1986 1102; baseline -0.001 -7"><span class='ocrx_word' id='word_1_366' title='bbox 1243 1063 1428 1096; x_wconf 89' lang='lat' dir='ltr'>canonicum</span> <span class='ocrx_word' id='word_1_367' title='bbox 1454 1063 1499 1095; x_wconf 87' lang='lat' dir='ltr'>eis</span> <span class='ocrx_word' id='word_1_368' title='bbox 1527 1072 1591 1095; x_wconf 92' lang='lat' dir='ltr'>non</span> <span class='ocrx_word' id='word_1_369' title='bbox 1615 1061 1762 1102; x_wconf 87' lang='lat' dir='ltr'>obsistat,</span> <span class='ocrx_word' id='word_1_370' title='bbox 1786 1067 1821 1094; x_wconf 90' lang='lat' dir='ltr'>ut</span> <span class='ocrx_word' id='word_1_371' title='bbox 1849 1062 1986 1094; x_wconf 87' lang='lat' dir='ltr'>clericali</span> 
     </span>
     <span class='ocr_line' id='line_1_80' title="bbox 1244 1115 1986 1160; baseline -0.001 -11"><span class='ocrx_word' id='word_1_372' title='bbox 1244 1122 1413 1157; x_wconf 86' lang='lat' dir='ltr'>caractere,</span> <span class='ocrx_word' id='word_1_373' title='bbox 1439 1117 1492 1160; x_wconf 85' lang='lat' dir='ltr'>qui</span> <span class='ocrx_word' id='word_1_374' title='bbox 1517 1117 1570 1150; x_wconf 93' lang='lat' dir='ltr'>illo</span> <span class='ocrx_word' id='word_1_375' title='bbox 1590 1116 1729 1150; x_wconf 88' lang='lat' dir='ltr'>nondum</span> <span class='ocrx_word' id='word_1_376' title='bbox 1754 1116 1895 1159; x_wconf 83' lang='lat' dir='ltr'>insigniti</span> <span class='ocrx_word' id='word_1_377' title='bbox 1915 1115 1986 1156; x_wconf 90' lang='lat' dir='ltr'>sint,</span> 
     </span>
     <span class='ocr_line' id='line_1_81' title="bbox 1244 1166 1987 1213; baseline -0.001 -11"><span class='ocrx_word' id='word_1_378' title='bbox 1244 1166 1408 1213; x_wconf 85' lang='lat' dir='ltr'>insigniri,</span> <span class='ocrx_word' id='word_1_379' title='bbox 1435 1181 1469 1203; x_wconf 87' lang='lat' dir='ltr'>ac.</span> <span class='ocrx_word' id='word_1_380' title='bbox 1499 1169 1537 1202; x_wconf 89' lang='lat' dir='ltr'>ad</span> <span class='ocrx_word' id='word_1_381' title='bbox 1569 1180 1679 1203; x_wconf 88' lang='lat' dir='ltr'>omncs</span> <span class='ocrx_word' id='word_1_382' title='bbox 1707 1169 1801 1202; x_wconf 87' lang='lat' dir='ltr'>etiam</span> <span class='ocrx_word' id='word_1_383' title='bbox 1826 1179 1932 1202; x_wconf 88' lang='lat' dir='ltr'>sacros</span> <span class='ocrx_word' id='word_1_384' title='bbox 1956 1173 1987 1201; x_wconf 84' lang='lat' dir='ltr'>ct</span> 
     </span>
     <span class='ocr_line' id='line_1_82' title="bbox 1243 1222 1987 1267; baseline -0.001 -12"><span class='ocrx_word' id='word_1_385' title='bbox 1243 1224 1477 1267; x_wconf 66' lang='lat' dir='ltr'>presbyteratus</span> <span class='ocrx_word' id='word_1_386' title='bbox 1501 1222 1637 1262; x_wconf 87' lang='lat' dir='ltr'>ordines,</span> <span class='ocrx_word' id='word_1_387' title='bbox 1654 1223 1679 1254; x_wconf 82' lang='lat' dir='ltr'>si</span> <span class='ocrx_word' id='word_1_388' title='bbox 1704 1222 1843 1255; x_wconf 89' lang='lat' dir='ltr'>nondum</span> <span class='ocrx_word' id='word_1_389' title='bbox 1862 1222 1901 1254; x_wconf 89' lang='lat' dir='ltr'>ad</span> <span class='ocrx_word' id='word_1_390' title='bbox 1916 1222 1987 1255; x_wconf 88' lang='lat' dir='ltr'>illos</span> 
     </span>
     <span class='ocr_line' id='line_1_83' title="bbox 1243 1276 1986 1320; baseline -0.003 -11"><span class='ocrx_word' id='word_1_391' title='bbox 1243 1276 1381 1320; x_wconf 88' lang='lat' dir='ltr'>promoti</span> <span class='ocrx_word' id='word_1_392' title='bbox 1406 1277 1483 1317; x_wconf 87' lang='lat' dir='ltr'>sint,</span> <span class='ocrx_word' id='word_1_393' title='bbox 1508 1276 1700 1319; x_wconf 66' lang='lat' dir='ltr'>promoveri,</span> <span class='ocrx_word' id='word_1_394' title='bbox 1725 1287 1761 1308; x_wconf 86' lang='lat' dir='ltr'>ac</span> <span class='ocrx_word' id='word_1_395' title='bbox 1785 1276 1986 1319; x_wconf 89' lang='lat' dir='ltr'>postmodum</span> 
     </span>
     <span class='ocr_line' id='line_1_84' title="bbox 1244 1329 1986 1369; baseline -0.001 -7"><span class='ocrx_word' id='word_1_396' title='bbox 1244 1330 1426 1362; x_wconf 84' lang='lat' dir='ltr'>charactere</span> <span class='ocrx_word' id='word_1_397' title='bbox 1451 1335 1480 1361; x_wconf 89' lang='lat' dir='ltr'>ct</span> <span class='ocrx_word' id='word_1_398' title='bbox 1504 1329 1667 1362; x_wconf 84' lang='lat' dir='ltr'>ordinibus</span> <span class='ocrx_word' id='word_1_399' title='bbox 1692 1329 1891 1369; x_wconf 86' lang='lat' dir='ltr'>huiusmodi,</span> <span class='ocrx_word' id='word_1_400' title='bbox 1917 1329 1986 1361; x_wconf 92' lang='lat' dir='ltr'>illo—</span> 
     </span>
     <span class='ocr_line' id='line_1_85' title="bbox 1244 1382 1988 1426; baseline -0.001 -11"><span class='ocrx_word' id='word_1_401' title='bbox 1244 1394 1377 1426; x_wconf 88' lang='lat' dir='ltr'>rumque</span> <span class='ocrx_word' id='word_1_402' title='bbox 1402 1382 1575 1426; x_wconf 84' lang='lat' dir='ltr'>privilegiis</span> <span class='ocrx_word' id='word_1_403' title='bbox 1599 1383 1654 1422; x_wconf 89' lang='lat' dir='ltr'>uti,</span> <span class='ocrx_word' id='word_1_404' title='bbox 1679 1393 1715 1414; x_wconf 88' lang='lat' dir='ltr'>ac</span> <span class='ocrx_word' id='word_1_405' title='bbox 1739 1382 1770 1414; x_wconf 88' lang='lat' dir='ltr'>in</span> <span class='ocrx_word' id='word_1_406' title='bbox 1795 1382 1913 1415; x_wconf 85' lang='lat' dir='ltr'>eisdem</span> <span class='ocrx_word' id='word_1_407' title='bbox 1938 1393 1988 1416; x_wconf 85' lang='lat' dir='ltr'>or-</span> 
     </span>
     <span class='ocr_line' id='line_1_86' title="bbox 1243 1435 1987 1470; baseline 0 -2"><span class='ocrx_word' id='word_1_408' title='bbox 1243 1436 1368 1469; x_wconf 91' lang='lat' dir='ltr'>dinibus</span> <span class='ocrx_word' id='word_1_409' title='bbox 1399 1436 1492 1469; x_wconf 90' lang='lat' dir='ltr'>etiam</span> <span class='ocrx_word' id='word_1_410' title='bbox 1525 1436 1556 1468; x_wconf 93' lang='lat' dir='ltr'>in</span> <span class='ocrx_word' id='word_1_411' title='bbox 1586 1435 1692 1470; x_wconf 87' lang='lat' dir='ltr'>altaris</span> <span class='ocrx_word' id='word_1_412' title='bbox 1724 1436 1899 1469; x_wconf 89' lang='lat' dir='ltr'>ministerio</span> <span class='ocrx_word' id='word_1_413' title='bbox 1927 1436 1987 1469; x_wconf 90' lang='lat' dir='ltr'>mi-</span> 
     </span>
     <span class='ocr_line' id='line_1_87' title="bbox 1243 1489 1986 1534; baseline 0.001 -13"><span class='ocrx_word' id='word_1_414' title='bbox 1243 1490 1388 1530; x_wconf 87' lang='lat' dir='ltr'>nistrare,</span> <span class='ocrx_word' id='word_1_415' title='bbox 1405 1500 1441 1522; x_wconf 91' lang='lat' dir='ltr'>ac</span> <span class='ocrx_word' id='word_1_416' title='bbox 1462 1499 1679 1533; x_wconf 88' lang='lat' dir='ltr'>quaecumque</span> <span class='ocrx_word' id='word_1_417' title='bbox 1699 1494 1730 1522; x_wconf 86' lang='lat' dir='ltr'>et</span> <span class='ocrx_word' id='word_1_418' title='bbox 1745 1489 1986 1534; x_wconf 83' lang='lat' dir='ltr'>qualiacumque</span> 
     </span>
     <span class='ocr_line' id='line_1_88' title="bbox 1244 1542 1988 1576; baseline 0 -1"><span class='ocrx_word' id='word_1_419' title='bbox 1244 1554 1314 1576; x_wconf 91' lang='lat' dir='ltr'>cum</span> <span class='ocrx_word' id='word_1_420' title='bbox 1341 1544 1417 1575; x_wconf 76' lang='lat' dir='ltr'>cura</span> <span class='ocrx_word' id='word_1_421' title='bbox 1435 1547 1465 1575; x_wconf 87' lang='lat' dir='ltr'>et</span> <span class='ocrx_word' id='word_1_422' title='bbox 1481 1542 1548 1575; x_wconf 91' lang='lat' dir='ltr'>sine</span> <span class='ocrx_word' id='word_1_423' title='bbox 1567 1544 1644 1575; x_wconf 79' lang='lat' dir='ltr'>cura</span> <span class='ocrx_word' id='word_1_424' title='bbox 1669 1542 1821 1575; x_wconf 86' lang='lat' dir='ltr'>beneficia</span> <span class='ocrx_word' id='word_1_425' title='bbox 1845 1543 1988 1575; x_wconf 87' lang='lat' dir='ltr'>ecclesia-</span> 
     </span>
     <span class='ocr_line' id='line_1_89' title="bbox 1245 1595 1987 1639; baseline 0 -11"><span class='ocrx_word' id='word_1_426' title='bbox 1245 1596 1320 1628; x_wconf 88' lang='lat' dir='ltr'>stica</span> <span class='ocrx_word' id='word_1_427' title='bbox 1338 1595 1473 1638; x_wconf 90' lang='lat' dir='ltr'>(etiamsi</span> <span class='ocrx_word' id='word_1_428' title='bbox 1491 1601 1687 1639; x_wconf 83' lang='lat' dir='ltr'>personatus,</span> <span class='ocrx_word' id='word_1_429' title='bbox 1702 1595 1987 1629; x_wconf 89' lang='lat' dir='ltr'>administrationes</span> 
     </span>
     <span class='ocr_line' id='line_1_90' title="bbox 1244 1648 1988 1689; baseline 0 -8"><span class='ocrx_word' id='word_1_430' title='bbox 1244 1654 1275 1682; x_wconf 85' lang='lat' dir='ltr'>et</span> <span class='ocrx_word' id='word_1_431' title='bbox 1298 1649 1411 1689; x_wconf 81' lang='lat' dir='ltr'>officia,</span> <span class='ocrx_word' id='word_1_432' title='bbox 1437 1649 1529 1681; x_wconf 89' lang='lat' dir='ltr'>etiam</span> <span class='ocrx_word' id='word_1_433' title='bbox 1555 1654 1662 1681; x_wconf 88' lang='lat' dir='ltr'>curata</span> <span class='ocrx_word' id='word_1_434' title='bbox 1687 1653 1717 1681; x_wconf 89' lang='lat' dir='ltr'>et</span> <span class='ocrx_word' id='word_1_435' title='bbox 1740 1648 1871 1681; x_wconf 86' lang='lat' dir='ltr'>electiva</span> <span class='ocrx_word' id='word_1_436' title='bbox 1891 1648 1923 1681; x_wconf 91' lang='lat' dir='ltr'>in</span> <span class='ocrx_word' id='word_1_437' title='bbox 1941 1659 1988 1682; x_wconf 90' lang='lat' dir='ltr'>ca-</span> 
     </span>
     <span class='ocr_line' id='line_1_91' title="bbox 1245 1702 1987 1746; baseline 0 -12"><span class='ocrx_word' id='word_1_438' title='bbox 1245 1702 1438 1735; x_wconf 89' lang='lat' dir='ltr'>thedralibus</span> <span class='ocrx_word' id='word_1_439' title='bbox 1467 1708 1497 1735; x_wconf 87' lang='lat' dir='ltr'>et</span> <span class='ocrx_word' id='word_1_440' title='bbox 1522 1702 1789 1746; x_wconf 89' lang='lat' dir='ltr'>metropolitanis,</span> <span class='ocrx_word' id='word_1_441' title='bbox 1813 1702 1864 1735; x_wconf 88' lang='lat' dir='ltr'>vel</span> <span class='ocrx_word' id='word_1_442' title='bbox 1892 1702 1987 1735; x_wconf 90' lang='lat' dir='ltr'>colle-</span> 
     </span>
     <span class='ocr_line' id='line_1_92' title="bbox 1245 1756 1986 1800; baseline 0.001 -12"><span class='ocrx_word' id='word_1_443' title='bbox 1245 1756 1336 1799; x_wconf 84' lang='lat' dir='ltr'>giatis</span> <span class='ocrx_word' id='word_1_444' title='bbox 1360 1756 1510 1797; x_wconf 87' lang='lat' dir='ltr'>eeclesiis,</span> <span class='ocrx_word' id='word_1_445' title='bbox 1529 1767 1584 1789; x_wconf 87' lang='lat' dir='ltr'>seu</span> <span class='ocrx_word' id='word_1_446' title='bbox 1608 1756 1806 1800; x_wconf 85' lang='lat' dir='ltr'>parochiales</span> <span class='ocrx_word' id='word_1_447' title='bbox 1827 1756 1986 1797; x_wconf 87' lang='lat' dir='ltr'>ecclesiae,</span> 
     </span>
     <span class='ocr_line' id='line_1_93' title="bbox 1245 1809 1988 1853; baseline 0 -12"><span class='ocrx_word' id='word_1_448' title='bbox 1245 1810 1291 1842; x_wconf 69' lang='lat' dir='ltr'>vel</span> <span class='ocrx_word' id='word_1_449' title='bbox 1309 1820 1419 1843; x_wconf 88' lang='lat' dir='ltr'>eorum</span> <span class='ocrx_word' id='word_1_450' title='bbox 1437 1814 1607 1853; x_wconf 88' lang='lat' dir='ltr'>perpetuae</span> <span class='ocrx_word' id='word_1_451' title='bbox 1625 1809 1758 1842; x_wconf 78' lang='lat' dir='ltr'>vicariae</span> <span class='ocrx_word' id='word_1_452' title='bbox 1775 1820 1811 1842; x_wconf 90' lang='lat' dir='ltr'>ac</span> <span class='ocrx_word' id='word_1_453' title='bbox 1827 1809 1988 1842; x_wconf 83' lang='lat' dir='ltr'>canoniea-</span> 
     </span>
     <span class='ocr_line' id='line_1_94' title="bbox 1245 1863 1988 1906; baseline -0.001 -11"><span class='ocrx_word' id='word_1_454' title='bbox 1245 1868 1295 1895; x_wconf 90' lang='lat' dir='ltr'>tus</span> <span class='ocrx_word' id='word_1_455' title='bbox 1321 1868 1351 1895; x_wconf 88' lang='lat' dir='ltr'>et</span> <span class='ocrx_word' id='word_1_456' title='bbox 1375 1863 1574 1906; x_wconf 85' lang='lat' dir='ltr'>praebendae</span> <span class='ocrx_word' id='word_1_457' title='bbox 1598 1863 1774 1905; x_wconf 79' lang='lat' dir='ltr'>dignitates,</span> <span class='ocrx_word' id='word_1_458' title='bbox 1798 1872 1861 1895; x_wconf 92' lang='lat' dir='ltr'>non</span> <span class='ocrx_word' id='word_1_459' title='bbox 1884 1867 1988 1895; x_wconf 87' lang='lat' dir='ltr'>tamen</span> 
     </span>
     <span class='ocr_line' id='line_1_95' title="bbox 1245 1915 1988 1959; baseline -0.001 -11"><span class='ocrx_word' id='word_1_460' title='bbox 1245 1916 1381 1949; x_wconf 88' lang='lat' dir='ltr'>maiores</span> <span class='ocrx_word' id='word_1_461' title='bbox 1398 1922 1469 1959; x_wconf 87' lang='lat' dir='ltr'>post</span> <span class='ocrx_word' id='word_1_462' title='bbox 1490 1916 1701 1959; x_wconf 84' lang='lat' dir='ltr'>pontificalem</span> <span class='ocrx_word' id='word_1_463' title='bbox 1723 1920 1777 1948; x_wconf 87' lang='lat' dir='ltr'>aut</span> <span class='ocrx_word' id='word_1_464' title='bbox 1799 1915 1988 1959; x_wconf 85' lang='lat' dir='ltr'>principales</span> 
     </span>
     <span class='ocr_line' id='line_1_96' title="bbox 1245 1968 1988 2012; baseline 0.001 -12"><span class='ocrx_word' id='word_1_465' title='bbox 1245 1969 1275 2001; x_wconf 92' lang='lat' dir='ltr'>in</span> <span class='ocrx_word' id='word_1_466' title='bbox 1293 1969 1466 2012; x_wconf 78' lang='lat' dir='ltr'>collegiatis</span> <span class='ocrx_word' id='word_1_467' title='bbox 1484 1969 1625 2002; x_wconf 86' lang='lat' dir='ltr'>ecclesiis</span> <span class='ocrx_word' id='word_1_468' title='bbox 1641 1969 1833 2009; x_wconf 86' lang='lat' dir='ltr'>huiusmodi,</span> <span class='ocrx_word' id='word_1_469' title='bbox 1847 1968 1988 2012; x_wconf 84' lang='lat' dir='ltr'>fuerint),</span> 
     </span>
     <span class='ocr_line' id='line_1_97' title="bbox 1245 2021 1988 2065; baseline 0 -11"><span class='ocrx_word' id='word_1_470' title='bbox 1245 2023 1270 2054; x_wconf 89' lang='lat' dir='ltr'>si</span> <span class='ocrx_word' id='word_1_471' title='bbox 1289 2022 1347 2055; x_wconf 83' lang='lat' dir='ltr'>sibi</span> <span class='ocrx_word' id='word_1_472' title='bbox 1370 2022 1445 2055; x_wconf 76' lang='lat' dir='ltr'>alias</span> <span class='ocrx_word' id='word_1_473' title='bbox 1463 2022 1611 2055; x_wconf 87' lang='lat' dir='ltr'>canonice</span> <span class='ocrx_word' id='word_1_474' title='bbox 1632 2022 1842 2062; x_wconf 90' lang='lat' dir='ltr'>conferantur,</span> <span class='ocrx_word' id='word_1_475' title='bbox 1859 2026 1913 2054; x_wconf 85' lang='lat' dir='ltr'>aut</span> <span class='ocrx_word' id='word_1_476' title='bbox 1928 2021 1988 2065; x_wconf 89' lang='lat' dir='ltr'>ipsi</span> 
     </span>
     <span class='ocr_line' id='line_1_98' title="bbox 1245 2075 1988 2119; baseline -0.001 -11"><span class='ocrx_word' id='word_1_477' title='bbox 1245 2076 1419 2118; x_wconf 82' lang='lat' dir='ltr'>eligantur,</span> <span class='ocrx_word' id='word_1_478' title='bbox 1445 2080 1701 2119; x_wconf 86' lang='lat' dir='ltr'>praesententur,</span> <span class='ocrx_word' id='word_1_479' title='bbox 1729 2075 1777 2108; x_wconf 70' lang='lat' dir='ltr'>vel</span> <span class='ocrx_word' id='word_1_480' title='bbox 1801 2075 1877 2107; x_wconf 75' lang='lat' dir='ltr'>alias</span> <span class='ocrx_word' id='word_1_481' title='bbox 1900 2085 1988 2108; x_wconf 85' lang='lat' dir='ltr'>assu-</span> 
     </span>
     <span class='ocr_line' id='line_1_99' title="bbox 1245 2128 1988 2170; baseline 0.001 -10"><span class='ocrx_word' id='word_1_482' title='bbox 1245 2134 1372 2161; x_wconf 90' lang='lat' dir='ltr'>mantur</span> <span class='ocrx_word' id='word_1_483' title='bbox 1397 2128 1434 2161; x_wconf 92' lang='lat' dir='ltr'>ad</span> <span class='ocrx_word' id='word_1_484' title='bbox 1460 2129 1521 2169; x_wconf 89' lang='lat' dir='ltr'>illa,</span> <span class='ocrx_word' id='word_1_485' title='bbox 1538 2133 1568 2161; x_wconf 85' lang='lat' dir='ltr'>et</span> <span class='ocrx_word' id='word_1_486' title='bbox 1593 2128 1795 2161; x_wconf 87' lang='lat' dir='ltr'>instituantur</span> <span class='ocrx_word' id='word_1_487' title='bbox 1812 2129 1842 2161; x_wconf 92' lang='lat' dir='ltr'>in</span> <span class='ocrx_word' id='word_1_488' title='bbox 1859 2128 1988 2170; x_wconf 87' lang='lat' dir='ltr'>eisdem,</span> 
     </span>
     <span class='ocr_line' id='line_1_100' title="bbox 1244 2182 1989 2226; baseline -0.001 -11"><span class='ocrx_word' id='word_1_489' title='bbox 1244 2183 1405 2226; x_wconf 86' lang='lat' dir='ltr'>recipere,</span> <span class='ocrx_word' id='word_1_490' title='bbox 1431 2187 1458 2215; x_wconf 91' lang='lat' dir='ltr'>et</span> <span class='ocrx_word' id='word_1_491' title='bbox 1490 2182 1663 2215; x_wconf 87' lang='lat' dir='ltr'>dummodo</span> <span class='ocrx_word' id='word_1_492' title='bbox 1692 2183 1783 2226; x_wconf 89' lang='lat' dir='ltr'>plura</span> <span class='ocrx_word' id='word_1_493' title='bbox 1808 2182 1901 2215; x_wconf 90' lang='lat' dir='ltr'>simul</span> <span class='ocrx_word' id='word_1_494' title='bbox 1925 2193 1989 2216; x_wconf 93' lang='lat' dir='ltr'>non</span> 
     </span>
     <span class='ocr_line' id='line_1_101' title="bbox 1243 2235 1989 2279; baseline 0.001 -12"><span class='ocrx_word' id='word_1_495' title='bbox 1243 2236 1324 2275; x_wconf 89' lang='lat' dir='ltr'>sint,</span> <span class='ocrx_word' id='word_1_496' title='bbox 1349 2246 1443 2279; x_wconf 84' lang='lat' dir='ltr'>quam</span> <span class='ocrx_word' id='word_1_497' title='bbox 1474 2246 1557 2279; x_wconf 85' lang='lat' dir='ltr'>quae</span> <span class='ocrx_word' id='word_1_498' title='bbox 1589 2246 1606 2268; x_wconf 89' lang='lat' dir='ltr'>a</span> <span class='ocrx_word' id='word_1_499' title='bbox 1637 2236 1775 2269; x_wconf 89' lang='lat' dir='ltr'>Concilio</span> <span class='ocrx_word' id='word_1_500' title='bbox 1805 2235 1989 2269; x_wconf 89' lang='lat' dir='ltr'>Tridentino</span> 
     </span>
     <span class='ocr_line' id='line_1_102' title="bbox 1243 2288 1990 2331; baseline 0.001 -11"><span class='ocrx_word' id='word_1_501' title='bbox 1243 2288 1477 2331; x_wconf 88' lang='lat' dir='ltr'>permittuntur,</span> <span class='ocrx_word' id='word_1_502' title='bbox 1503 2288 1639 2320; x_wconf 87' lang='lat' dir='ltr'>retinere</span> <span class='ocrx_word' id='word_1_503' title='bbox 1664 2288 1762 2321; x_wconf 86' lang='lat' dir='ltr'>libere</span> <span class='ocrx_word' id='word_1_504' title='bbox 1788 2293 1817 2321; x_wconf 85' lang='lat' dir='ltr'>et</span> <span class='ocrx_word' id='word_1_505' title='bbox 1841 2288 1924 2321; x_wconf 90' lang='lat' dir='ltr'>licite</span> <span class='ocrx_word' id='word_1_506' title='bbox 1941 2299 1990 2321; x_wconf 74' lang='lat' dir='ltr'>va-</span> 
     </span>
     <span class='ocr_line' id='line_1_103' title="bbox 1242 2341 1342 2381; baseline 0 -8"><span class='ocrx_word' id='word_1_507' title='bbox 1242 2341 1342 2381; x_wconf 88' lang='lat' dir='ltr'>leant;</span> 
     </span>
    </p>

    <p class='ocr_par' dir='ltr' id='par_1_19' title="bbox 1242 2395 1989 2706">
     <span class='ocr_line' id='line_1_104' title="bbox 1287 2395 1987 2437; baseline 0.001 -10"><span class='ocrx_word' id='word_1_508' title='bbox 1287 2396 1302 2437; x_wconf 65' lang='grc' dir='ltr'>ξ</span> <span class='ocrx_word' id='word_1_509' title='bbox 1332 2395 1376 2428; x_wconf 73' lang='lat'>1⁶2.</span> <span class='ocrx_word' id='word_1_510' title='bbox 1395 2396 1438 2428; x_wconf 80' lang='lat' dir='ltr'>Ac</span> <span class='ocrx_word' id='word_1_511' title='bbox 1463 2395 1582 2428; x_wconf 88' lang='lat' dir='ltr'>eisdem</span> <span class='ocrx_word' id='word_1_512' title='bbox 1607 2396 1814 2436; x_wconf 66' lang='lat' dir='ltr'>conctavtstis,</span> <span class='ocrx_word' id='word_1_513' title='bbox 1832 2402 1987 2430; x_wconf 88' lang='lat' dir='ltr'>eteorum</span> 
     </span>
     <span class='ocr_line' id='line_1_105' title="bbox 1243 2447 1987 2492; baseline 0.003 -13"><span class='ocrx_word' id='word_1_514' title='bbox 1243 2447 1385 2490; x_wconf 83' lang='lat' dir='ltr'>singulis,</span> <span class='ocrx_word' id='word_1_515' title='bbox 1404 2453 1439 2480; x_wconf 90' lang='lat' dir='ltr'>ut</span> <span class='ocrx_word' id='word_1_516' title='bbox 1455 2448 1645 2492; x_wconf 85' lang='lat' dir='ltr'>quicumque</span> <span class='ocrx_word' id='word_1_517' title='bbox 1670 2449 1731 2482; x_wconf 92' lang='lat' dir='ltr'>loci</span> <span class='ocrx_word' id='word_1_518' title='bbox 1752 2449 1920 2490; x_wconf 87' lang='lat' dir='ltr'>Ordinarii,</span> <span class='ocrx_word' id='word_1_519' title='bbox 1939 2449 1987 2481; x_wconf 66' lang='lat' dir='ltr'>vel</span> 
     </span>
     <span class='ocr_line' id='line_1_106' title="bbox 1243 2501 1987 2545; baseline 0.003 -12"><span class='ocrx_word' id='word_1_520' title='bbox 1243 2501 1385 2534; x_wconf 77' lang='lat' dir='ltr'>canonici</span> <span class='ocrx_word' id='word_1_521' title='bbox 1410 2501 1736 2545; x_wconf 86' lang='lat' dir='ltr'>metropolitanarum,</span> <span class='ocrx_word' id='word_1_522' title='bbox 1753 2502 1801 2535; x_wconf 72' lang='lat' dir='ltr'>vel</span> <span class='ocrx_word' id='word_1_523' title='bbox 1827 2501 1987 2535; x_wconf 86' lang='lat' dir='ltr'>cathedra-</span> 
     </span>
     <span class='ocr_line' id='line_1_107' title="bbox 1242 2554 1988 2598; baseline -0.001 -11"><span class='ocrx_word' id='word_1_524' title='bbox 1242 2555 1330 2595; x_wconf 91' lang='lat' dir='ltr'>lium,</span> <span class='ocrx_word' id='word_1_525' title='bbox 1349 2565 1402 2587; x_wconf 84' lang='lat' dir='ltr'>seu</span> <span class='ocrx_word' id='word_1_526' title='bbox 1428 2554 1561 2587; x_wconf 87' lang='lat' dir='ltr'>duarum</span> <span class='ocrx_word' id='word_1_527' title='bbox 1579 2555 1751 2598; x_wconf 79' lang='lat' dir='ltr'>insignium</span> <span class='ocrx_word' id='word_1_528' title='bbox 1776 2555 1869 2589; x_wconf 84' lang='lat' dir='ltr'>Urbis</span> <span class='ocrx_word' id='word_1_529' title='bbox 1893 2555 1988 2588; x_wconf 85' lang='lat' dir='ltr'>eolle-</span> 
     </span>
     <span class='ocr_line' id='line_1_108' title="bbox 1242 2608 1988 2653; baseline 0.001 -13"><span class='ocrx_word' id='word_1_530' title='bbox 1242 2608 1397 2651; x_wconf 82' lang='lat' dir='ltr'>giatarum</span> <span class='ocrx_word' id='word_1_531' title='bbox 1423 2608 1638 2649; x_wconf 83' lang='lat' dir='ltr'>ecclesiarum,</span> <span class='ocrx_word' id='word_1_532' title='bbox 1662 2614 1716 2642; x_wconf 89' lang='lat' dir='ltr'>aut</span> <span class='ocrx_word' id='word_1_533' title='bbox 1740 2618 1895 2653; x_wconf 87' lang='lat' dir='ltr'>personae</span> <span class='ocrx_word' id='word_1_534' title='bbox 1909 2608 1988 2641; x_wconf 85' lang='lat' dir='ltr'>aliae</span> 
     </span>
     <span class='ocr_line' id='line_1_109' title="bbox 1242 2662 1989 2706; baseline 0.003 -13"><span class='ocrx_word' id='word_1_535' title='bbox 1242 2674 1458 2706; x_wconf 79' lang='lat' dir='ltr'>quaecumque</span> <span class='ocrx_word' id='word_1_536' title='bbox 1479 2662 1708 2696; x_wconf 73' lang='lat' dir='ltr'>ecclesiastieae</span> <span class='ocrx_word' id='word_1_537' title='bbox 1726 2663 1757 2695; x_wconf 88' lang='lat' dir='ltr'>in</span> <span class='ocrx_word' id='word_1_538' title='bbox 1774 2662 1925 2705; x_wconf 75' lang='lat' dir='ltr'>dignitate</span> <span class='ocrx_word' id='word_1_539' title='bbox 1943 2672 1989 2695; x_wconf 84' lang='lat' dir='ltr'>ec-</span> 
     </span>
    </p>
   </div>
   <div class='ocr_carea' id='block_1_15' title="bbox 2001 269 2184 298">
    <p class='ocr_par' dir='ltr' id='par_1_20' title="bbox 2001 269 2184 298">
     <span class='ocr_line' id='line_1_110' title="bbox 2001 269 2184 298; baseline 0.016 -3"><span class='ocrx_word' id='word_1_540' title='bbox 2001 270 2051 296; x_wconf 85' lang='grc' dir='ltr'>Αη.</span> <span class='ocrx_word' id='word_1_541' title='bbox 2064 269 2092 297; x_wconf 91' lang='lat' dir='ltr'>C.</span> <span class='ocrx_word' id='word_1_542' title='bbox 2115 270 2184 298; x_wconf 74' lang='lat'>¹623</span> 
     </span>
    </p>
   </div>
   <div class='ocr_carea' id='block_1_16' title="bbox 2000 754 2186 830">
    <p class='ocr_par' dir='ltr' id='par_1_21' title="bbox 2000 754 2186 830">
     <span class='ocr_line' id='line_1_111' title="bbox 2066 754 2186 776; baseline 0.008 -2"><span class='ocrx_word' id='word_1_543' title='bbox 2066 754 2092 775; x_wconf 87' lang='lat' dir='ltr'>Et</span> <span class='ocrx_word' id='word_1_544' title='bbox 2107 755 2186 776; x_wconf 77' lang='lat' dir='ltr'>benen-</span> 
     </span>
     <span class='ocr_line' id='line_1_112' title="bbox 2000 782 2185 803; baseline 0.005 -1"><span class='ocrx_word' id='word_1_545' title='bbox 2000 782 2033 802; x_wconf 75' lang='lat' dir='ltr'>cia</span> <span class='ocrx_word' id='word_1_546' title='bbox 2055 782 2185 803; x_wconf 75' lang='lat' dir='ltr'>ecclesiasti-</span> 
     </span>
     <span class='ocr_line' id='line_1_113' title="bbox 2001 809 2163 830; baseline 0 -1"><span class='ocrx_word' id='word_1_547' title='bbox 2001 815 2026 830; x_wconf 84' lang='lat' dir='ltr'>ea</span> <span class='ocrx_word' id='word_1_548' title='bbox 2041 809 2163 830; x_wconf 76' lang='lat' dir='ltr'>obtinenda.</span> 
     </span>
    </p>
   </div>
   <div class='ocr_carea' id='block_1_17' title="bbox 2002 2400 2187 2582">
    <p class='ocr_par' dir='ltr' id='par_1_22' title="bbox 2002 2400 2187 2582">
     <span class='ocr_line' id='line_1_114' title="bbox 2033 2400 2187 2426; baseline 0 -5"><span class='ocrx_word' id='word_1_549' title='bbox 2033 2400 2142 2426; x_wconf 68' lang='lat' dir='ltr'>indulget,</span> <span class='ocrx_word' id='word_1_550' title='bbox 2164 2403 2187 2421; x_wconf 82' lang='lat' dir='ltr'>ut</span> 
     </span>
     <span class='ocr_line' id='line_1_115' title="bbox 2002 2428 2187 2453; baseline 0 -5"><span class='ocrx_word' id='word_1_551' title='bbox 2002 2428 2049 2448; x_wconf 73' lang='lat' dir='ltr'>ati-s</span> <span class='ocrx_word' id='word_1_552' title='bbox 2079 2429 2187 2453; x_wconf 70' lang='lat' dir='ltr'>resignare</span> 
     </span>
     <span class='ocr_line' id='line_1_116' title="bbox 2003 2455 2186 2480; baseline 0 -7"><span class='ocrx_word' id='word_1_553' title='bbox 2003 2455 2083 2480; x_wconf 70' lang='lat' dir='ltr'>possint</span> <span class='ocrx_word' id='word_1_554' title='bbox 2103 2455 2186 2480; x_wconf 71' lang='lat' dir='ltr'>pensio-</span> 
     </span>
     <span class='ocr_line' id='line_1_117' title="bbox 2002 2481 2186 2502; baseline 0 -1"><span class='ocrx_word' id='word_1_555' title='bbox 2002 2487 2039 2501; x_wconf 77' lang='lat' dir='ltr'>nes</span> <span class='ocrx_word' id='word_1_556' title='bbox 2056 2481 2186 2502; x_wconf 75' lang='lat' dir='ltr'>ecclesiasti-</span> 
     </span>
     <span class='ocr_line' id='line_1_118' title="bbox 2003 2507 2186 2534; baseline 0.005 -7"><span class='ocrx_word' id='word_1_557' title='bbox 2003 2513 2039 2527; x_wconf 69' lang='lat' dir='ltr'>cas·</span> <span class='ocrx_word' id='word_1_558' title='bbox 2067 2513 2133 2534; x_wconf 63' lang='lat' dir='ltr'>usque</span> <span class='ocrx_word' id='word_1_559' title='bbox 2159 2507 2186 2528; x_wconf 80' lang='lat' dir='ltr'>ad</span> 
     </span>
     <span class='ocr_line' id='line_1_119' title="bbox 2003 2539 2187 2554; baseline 0.005 -1"><span class='ocrx_word' id='word_1_560' title='bbox 2003 2540 2103 2554; x_wconf 72' lang='lat' dir='ltr'>summam</span> <span class='ocrx_word' id='word_1_561' title='bbox 2138 2539 2187 2554; x_wconf 66' lang='lat' dir='ltr'>CPn·</span> 
     </span>
     <span class='ocr_line' id='line_1_120' title="bbox 2003 2562 2186 2582; baseline 0.005 -1"><span class='ocrx_word' id='word_1_562' title='bbox 2003 2563 2045 2581; x_wconf 84' lang='lat' dir='ltr'>tum</span> <span class='ocrx_word' id='word_1_563' title='bbox 2054 2562 2186 2582; x_wconf 81' lang='lat' dir='ltr'>ducatorum.</span> 
     </span>
    </p>
   </div>
  </div>
 </body>
</html>
