2269 3235
125 248 174 274 An.
196 246 224 274 C.
241 245 309 273 1625

149 781 268 803 Exordium.

159 1686 267 1709 Prohibet,
281 1690 307 1706 ne

124 1714 226 1739 imagines
258 1718 308 1732 non·

125 1740 173 1760 dum
198 1739 307 1760 beatifica-

126 1769 192 1787 torum
208 1771 254 1786 euin
270 1771 308 1786 au-

124 1793 187 1814 reolis
202 1798 308 1819 exponan-

125 1822 168 1844 tui-2

937 243 1079 269 URBANUS
1099 243 1155 268 vm
1175 243 1222 268 1³1³.

322 294 406 322 Perta
426 301 457 327 v,
480 294 526 322 die
546 299 592 320 xm
615 293 735 326 martii,
758 299 835 321 anno
856 300 872 320 a
891 292 1061 320 Nativitate

356 338 471 365 Domini
492 338 593 365 Nostri
614 338 683 366 lesu
703 337 813 365 christi
829 342 946 370 mncxxv,
965 336 995 363 in
1012 344 1061 370 qe-

356 383 454 410 nerali
475 382 708 417 congregatione
729 383 758 410 S.
780 382 928 409 Romanae
949 383 981 408 et
996 381 1062 407 uni-

356 427 484 454 versatis
513 427 723 460 Inquisitionis
753 424 858 453 habita
887 425 918 451 in
948 425 1061 458 palatio

358 472 524 505 apostolico
544 471 575 497 in
594 470 736 498 Vaticano
753 476 850 497 coram
866 469 914 496 SS.
933 469 963 495 D.
982 469 1015 495 N.
1029 469 1060 495 l).

357 514 474 542 Urbano
494 514 595 542 divina
613 512 803 548 providentia
828 513 906 547 Papa
926 513 1005 544 v111.
1027 520 1062 540 ac

358 559 575 586 illustrissimis
584 561 614 586 et.
622 557 883 586 reverendissimis
893 556 979 584 DD.S.
989 557 1020 583 R.
1030 557 1060 583 E.

357 603 561 631 cardinalibus
588 603 732 630 adversus
756 601 942 629 haereticam
965 601 1062 635 pravi-

356 650 450 675 tatem
469 646 699 680 inquisitoribus
719 645 909 680 generalibus
925 652 941 672 a
957 648 1062 672 sancta

358 692 432 720 sede
451 690 622 726 Apostolica
641 690 816 725 specialiter
836 690 1000 724 deputatis.

367 770 587 804 Sanctissimus
603 770 636 802 D.
654 770 689 803 N.
715 769 847 803 sollicite
870 769 1063 802 animadver-

315 826 390 857 tens
413 824 539 865 abusus,
564 824 617 867 qui
646 823 843 867 irrepserunt
872 828 901 856 et
922 823 1062 867 quotidie

323 877 464 920 irrepere
484 886 547 910 non
571 882 693 909 cessant
718 876 750 908 in
774 876 915 910 colendis
933 876 1063 920 quibus-

321 929 394 962 dam
419 940 479 963 cun
501 930 672 963 sanctitatis
687 934 738 963 aut
757 930 899 974 martyrii
915 930 997 963 sama
1015 930 1062 963 vel

322 983 471 1027 opinione
495 982 658 1026 defunctis,
683 982 747 1026 qui,
768 982 825 1016 etsi
850 993 951 1027 neque
972 994 1063 1016 cano-

321 1036 507 1078 nizationis,
538 1046 639 1081 neque
670 1036 909 1070 beatificationis
942 1036 1063 1070 honore

323 1089 462 1132 insigniti
487 1089 548 1122 sint
568 1090 608 1122 ab
632 1089 813 1134 Apostolica
839 1089 927 1132 Sede,
951 1100 1061 1123 eorum

323 1147 426 1176 tamen
451 1143 603 1186 imagines
627 1143 658 1175 in
683 1142 839 1183 oratoriis,
856 1148 948 1186 atque
965 1144 1063 1176 eccle-

321 1188 385 1237 siis,
406 1196 538 1240 aliisque
562 1196 638 1229 locis
662 1196 806 1239 publicis,
825 1207 860 1229 ac
884 1197 976 1229 etiam
1002 1196 1064 1240 pri-

322 1250 409 1290 vatis,
434 1260 504 1283 cum
522 1249 680 1290 laureolis,
699 1255 751 1282 aut
768 1249 874 1290 radiis,
892 1260 946 1283 seu
964 1251 1063 1294 splen-

321 1303 450 1336 doribus
474 1308 706 1347 proponuntur,
728 1303 879 1336 miracula
900 1309 929 1336 et
950 1304 1063 1336 revela-

320 1357 431 1397 tiones,
456 1357 579 1400 aliaque
602 1356 755 1390 beneficia
779 1368 796 1389 a
821 1357 919 1389 Deum
938 1368 994 1400 per
1013 1368 1064 1390 eo-

320 1420 390 1442 rum
417 1410 658 1443 intercessiones
683 1413 820 1454 accepta,
842 1410 873 1442 in
899 1410 988 1442 libris
1014 1421 1062 1443 re-

321 1473 392 1495 rum
417 1462 455 1495 ab
479 1462 554 1507 ipsis
579 1468 739 1506 gestarum
764 1466 960 1502 enarrantur,
979 1462 1063 1495 etad

321 1515 448 1548 illorum
476 1516 641 1559 sepulchra
672 1515 820 1556 tabellae,
850 1515 1002 1558 imagines
1034 1520 1063 1547 et

322 1578 372 1601 res
397 1569 475 1601 aliae
499 1568 538 1601 ad
557 1568 708 1601 beneficia
726 1572 853 1612 accepta
870 1568 1063 1601 testificanda

321 1627 352 1654 et
375 1621 534 1665 lampades
558 1626 588 1654 et
612 1622 671 1654 alia
701 1621 820 1654 lumina
849 1627 1062 1666 apponuntur,

366 1676 381 1719 ξ
398 1676 427 1708 ’1.
445 1676 620 1719 Volensque
639 1674 771 1718 proinde
789 1674 969 1708 huiusmodi
988 1674 1064 1707 abu-

322 1728 419 1769 sibus,
440 1739 498 1772 pro
523 1728 630 1761 debito
647 1728 740 1760 officii
758 1728 934 1771 pastoralis,
952 1738 1064 1760 occur-

322 1792 404 1823 rere,
428 1792 463 1815 re
487 1782 580 1816 etiam
606 1792 676 1814 cum
698 1781 918 1815 illustrissimis
936 1786 965 1814 et
980 1792 1065 1814 reve-

323 1835 517 1869 rendissimis
541 1835 600 1868 DD.
626 1834 837 1878 cardinalibus
862 1839 972 1868 contra
996 1835 1066 1867 liae-

322 1889 452 1921 reticam
476 1888 659 1932 pravitatem
685 1888 716 1920 in
739 1887 885 1920 universa
902 1887 1065 1931 republica

323 1941 493 1975 christiana
510 1940 710 1984 generalibus
728 1941 966 1984 inquisitoribus
984 1951 1066 1974 com—

323 1994 495 2035 municata,
520 2000 550 2027 et
574 1999 696 2027 mature
721 1994 918 2028 considerata
943 2004 978 2027 ac
1006 1993 1065 2026 dis-

324 2050 424 2089 cussa,
448 2047 634 2089 declaravit,
660 2047 766 2082 statuit
788 2052 819 2080 et
842 2047 1001 2088 decrevit,
1026 2056 1064 2079 ne

323 2102 508 2146 quorumvis
527 2102 693 2135 hominum
723 2112 794 2135 cum
820 2101 990 2135 sanctitatis
1011 2111 1064 2133 seu

324 2156 466 2200 martyrii
490 2157 573 2190 fama
590 2157 858 2201 (quantacumque
874 2156 927 2188 illa
947 2155 998 2199 sit)
1017 2155 1066 2188 dc-

325 2207 504 2242 functorum
524 2209 687 2253 imagines,
705 2209 828 2253 aliaque
848 2208 1017 2253 praedicta,
1035 2213 1065 2240 et

327 2261 544 2307 quodcumque
557 2263 641 2296 aliud
654 2263 887 2297 venerationem
902 2267 932 2295 et
946 2262 1065 2295 cultum

326 2309 540 2356 praeseferens
564 2320 594 2350 et
617 2315 769 2357 indicans,
789 2316 820 2348 in
838 2315 996 2355 oratoriis,
1013 2320 1066 2347 aut

326 2367 404 2400 locis
427 2369 560 2411 publicis
584 2380 639 2403 seu
661 2370 792 2414 privatis
805 2397 813 2410 ,
833 2370 882 2402 vel
903 2369 1043 2402 ecclesiis
1058 2395 1066 2409 ,

326 2424 390 2453 tam
415 2422 606 2455 secularibus
623 2433 717 2467 quam
736 2423 948 2466 regularibus,
966 2423 1067 2456 cuius-

327 2483 461 2517 cumque
484 2475 654 2518 religionis,
679 2476 809 2517 ordinis,
834 2476 976 2516 instituti,
997 2485 1068 2509 con-

327 2526 530 2569 gregationis,
543 2532 596 2560 aut
608 2528 774 2571 societatis,
789 2533 996 2573 apponantur,
1017 2539 1068 2560 an-

326 2584 453 2622 tequam
477 2580 516 2612 ab
533 2581 711 2624 Apostolica
734 2582 813 2615 Sede
833 2582 1065 2623 canonizentur,
1083 2603 1084 2610 η

327 2638 380 2666 aut
396 2633 481 2666 Beati
498 2633 706 2675 declarentur,
724 2640 753 2668 et
770 2636 794 2669 si
813 2645 892 2680 quae
908 2635 1067 2679 appositae

1741 231 1806 265 309
1852 240 1900 267 An.
1918 240 1948 268 c.
1966 240 2034 268 1625

1095 297 1175 334 sunt,
1201 295 1413 331 amoveantur,
1439 294 1533 334 prout
1558 298 1609 321 eas
1626 289 1729 321 statim
1747 299 1834 321 arno-

1096 344 1161 376 vcri
1179 343 1346 376 mandavit.

1139 397 1154 439 ἓ
1178 396 1206 429 2.
1233 397 1275 429 Ac
1292 396 1409 440 pariter
1426 395 1564 439 imprimi
1580 394 1618 428 de
1635 400 1740 428 cetero
1758 394 1836 426 inhi-
1909 406 1947 427 Vei
1962 411 2034 436 gorm..

1094 448 1162 480 buit
1186 449 1283 482 libros
1300 449 1483 481 eorumdem
1501 449 1676 489 hominum,
1697 448 1750 492 qui
1770 458 1836 480 san·
1851 435 2035 489 {ixei-{9¹³3ss

1096 501 1220 541 ctitatis,
1245 501 1309 534 sive
1335 502 1475 545 martyrii
1501 502 1594 543 sama,
1613 501 1659 535 vel
1677 501 1836 545 opinione,
1851 487 1944 507 ¹¹⁰⁰¹⁴¹¹³'

1095 559 1128 586 ut
1152 554 1350 597 praefertur,
1375 554 1515 587 celebres
1539 565 1555 587 e
1587 555 1648 587 vital
1682 554 1835 597 migrave-

1095 606 1167 647 rint,
1189 611 1285 649 gesta,
1304 607 1455 639 miracula
1476 607 1521 639 vel
1540 607 1756 647 revelationes,
1782 617 1836 639 seu

1096 670 1312 703 quaecumque
1329 659 1480 692 beneficia
1499 664 1656 703 tamquam
1670 670 1781 693 corum
1796 659 1838 692 in-

1096 713 1340 746 tercessionibus
1365 724 1381 745 a
1406 713 1469 746 Deo
1487 719 1613 757 accepta
1634 714 1836 755 continentes,

1097 766 1162 799 sine
1187 765 1403 809 recognitione
1427 771 1521 810 atque
1541 766 1767 809 approbatione
1787 766 1839 799 Or·

1096 819 1220 860 dinarii,
1241 819 1293 863 qui
1318 819 1349 851 in
1374 818 1411 851 iis
1435 818 1700 862 recognoscendis
1717 818 1838 851 theolo-

1097 883 1163 915 gos,
1189 872 1330 917 aliosque
1355 873 1423 917 pios
1441 883 1476 906 ac
1496 873 1605 906 doctos
1621 872 1704 905 viros
1722 871 1753 904 in
1769 881 1840 904 con-

1097 927 1201 959 silium
1219 926 1380 967 adhibeat3
1398 932 1437 968 et,
1454 937 1493 960 ne
1509 927 1656 970 deinceps
1674 926 1770 965 fraus,
1787 930 1839 957 aut

1097 991 1198 1021 error,
1223 984 1276 1013 aut
1299 979 1417 1024 aliquid
1434 990 1548 1014 novum
1574 990 1610 1012 ac
1627 978 1838 1012 inordinatum

1096 1034 1128 1066 in
1152 1044 1187 1066 re
1212 1038 1274 1067 tam
1306 1033 1394 1077 gravi
1424 1033 1648 1074 committatur,
1677 1032 1839 1075 negotium

1097 1086 1286 1120 instructum
1311 1086 1349 1119 ad
1374 1086 1485 1120 Sedem
1511 1086 1723 1130 Apostolicam
1741 1090 1839 1118 trans-

1098 1140 1211 1182 mittat,
1237 1140 1365 1183 eiusque
1391 1150 1576 1184 responsum
1603 1143 1754 1183 expectet.
1781 1139 1840 1171 Re-

1098 1193 1269 1226 velationcs
1292 1203 1367 1225 vero
1392 1198 1422 1225 ct
1447 1193 1615 1232 miracula,
1640 1193 1761 1235 aliaque
1791 1192 1840 1223 be—

1097 1247 1209 1280 neficia
1234 1247 1423 1291 supradicta,
1448 1257 1528 1290 quae
1553 1247 1584 1278 in
1608 1246 1697 1278 libris
1723 1246 1838 1278 horum

1097 1301 1260 1333 hominum
1294 1301 1387 1333 vitam
1424 1305 1453 1333 et
1487 1303 1574 1343 gesta
1609 1299 1840 1332 continentibus

1098 1354 1247 1387 hactenus
1272 1353 1338 1386 sine
1363 1353 1579 1396 recognitione
1605 1357 1698 1396 atque
1729 1361 1840 1395 appro-

1096 1407 1221 1440 batione
1246 1407 1425 1440 liuiusmodi
1456 1407 1608 1450 impressa
1637 1411 1729 1446 sunt,
1754 1405 1840 1438 nullo

1098 1460 1191 1493 modo
1216 1460 1391 1504 approbata
1408 1459 1528 1493 censeri
1552 1460 1626 1502 vult,
1651 1459 1840 1503 mandatque

1098 1514 1159 1547 Sua
1183 1514 1345 1547 Sanctitas.

1144 1568 1158 1610 g
1189 1566 1218 1599 3.
1251 1567 1296 1599 Ad
1325 1567 1439 1599 horum
1476 1566 1641 1598 hominum
1674 1565 1841 1609 sepulchra

1100 1619 1196 1653 vetuit
1221 1619 1314 1652 etiam
1351 1630 1386 1652 ac
1415 1618 1549 1652 inhibuit
1583 1618 1712 1651 tabellas
1747 1623 1841 1661 atque

1100 1672 1252 1715 imagines
1287 1682 1323 1705 ex
1359 1673 1431 1704 cera
1467 1676 1519 1703 aut
1551 1675 1682 1714 argento
1717 1680 1771 1703 seu
1805 1681 1841 1703 ex

1099 1725 1159 1758 alia
1176 1736 1374 1769 quacumque
1393 1724 1523 1757 materia
1551 1729 1613 1756 tam
1636 1724 1735 1767 pictas
1748 1734 1842 1767 quam

1100 1779 1188 1812 fictas
1212 1784 1305 1823 atque
1330 1779 1490 1822 exculptas
1517 1777 1651 1821 appendi
1668 1783 1721 1809 aut
1747 1777 1842 1820 affigi,

1100 1838 1130 1865 et
1151 1832 1312 1876 lampades
1336 1832 1400 1865 sive
1414 1831 1473 1864 alia
1487 1840 1703 1875 quaecumque
1724 1829 1843 1862 lumina

1100 1885 1248 1927 accendi,
1273 1885 1340 1918 sine
1365 1884 1581 1928 recognitione
1612 1883 1651 1916 ab
1676 1883 1843 1916 Ordinario

1101 1938 1240 1979 omnino,
1265 1943 1360 1983 prout
1385 1948 1498 1982 supra,
1523 1936 1684 1976 facienda,
1710 1935 1843 1980 Sedique

1100 1992 1290 2037 apostolicae
1314 1991 1479 2025 referenda
1504 2002 1539 2024 ac
1560 1990 1733 2034 probanda.

1145 2046 1160 2090 g
1184 2045 1214 2078 4.
1239 2046 1417 2087 Declarans,
1443 2045 1528 2089 quod
1555 2055 1613 2089 per
1629 2043 1843 2088 suprascripta

1100 2099 1317 2144 praeiudicare
1350 2100 1382 2131 in
1413 2099 1519 2143 aliquo
1554 2108 1617 2131 non
1643 2098 1709 2130 vult
1741 2108 1843 2141 neque

1101 2153 1233 2186 intendit
1256 2153 1304 2193 iis,
1329 2152 1381 2196 qui
1406 2157 1459 2185 aut
1482 2162 1539 2196 per
1564 2161 1765 2184 communem
1790 2151 1844 2184 Ec-

1101 2207 1214 2239 clesiae
1246 2215 1456 2245 consensum,
1481 2205 1528 2237 vel
1559 2204 1842 2238 immemorabilem

1101 2261 1252 2304 temporis
1270 2270 1409 2301 cursum,
1430 2264 1483 2292 aut
1507 2268 1565 2303 per
1588 2258 1732 2300 Patrum,
1758 2259 1843 2292 viro-

1100 2324 1235 2357 rumque
1261 2318 1442 2346 sanctorum
1460 2313 1586 2356 scripta,
1604 2312 1651 2345 vel
1668 2312 1843 2355 longissimi

1101 2366 1263 2410 temporis,
1281 2366 1409 2399 scientia
1430 2376 1465 2399 ae
1479 2365 1643 2399 tolerantia
1661 2365 1749 2398 Sedis
1765 2366 1845 2409 Apo-
1878 2399 1893 2417 ‚t

1102 2420 1240 2460 stolicae,
1265 2419 1313 2452 vel
1337 2418 1505 2460 Ordinarii,
1529 2419 1684 2452 coluntur.

1145 2474 1160 2517 g
1189 2473 1217 2506 5.
1249 2473 1288 2506 Ut
1319 2476 1423 2507 autem
1456 2472 1629 2516 praemissa
1661 2471 1843 2515 diligentius
1860 2476 2045 2523 ffl‘253,12}2⁵g{„¹,22

1101 2527 1325 2567 observentur,
1350 2526 1523 2567 universis,
1548 2536 1584 2559 ac
1609 2525 1755 2568 singulis,
1780 2530 1844 2558 tam
1859 2536 1905 2551 uem
1922 2529 2042 2550 demandat

1102 2580 1275 2615 Ordinariis
1298 2590 1391 2623 quam
1420 2579 1597 2612 haereticae
1620 2579 1782 2623 pravitatis
1800 2579 1844 2611 in-

1101 2633 1316 2679 quisitoribus,
1341 2633 1480 2667 districte
1505 2633 1668 2677 praecipit,
1685 2638 1719 2666 ut
1739 2632 1770 2665 in
1788 2633 1843 2665 sua

1884 1576 1924 1595 Aut
1933 1574 1959 1595 ad
1969 1579 2041 1595 eorum

1857 1602 1968 1627 sepulchra
1977 1601 2042 1621 tabet·

1857 1629 1898 1651 tao.
1912 1630 1948 1648 aut
1962 1628 2042 1652 lampa-

1859 1655 1895 1675 ·les
1911 1656 2022 1680 ponantur.

1906 2051 2044 2077 Excipiuntur

1859 2079 1881 2102 ii,
1895 2078 1972 2104 quibus
1988 2078 2044 2098 favet

1859 2106 1926 2127 cultus
1938 2105 2044 2126 immemo·

1859 2132 1940 2153 rabilis.
