2269 3235
103 254 154 282 An.
170 252 199 281 C.
220 252 289 282 1624

140 1536 289 1562 Transumpto-

106 1569 152 1584 rum
168 1563 227 1583 tides.

911 253 1053 278 URBANUS
1076 253 1133 278 vm
1156 253 1206 278 Pr.

303 300 431 335 illorum
463 301 627 335 sufficienti
661 300 865 344 derogatione
897 302 935 334 de
966 301 1044 342 illis,

303 364 476 398 eorumque
502 355 573 388 totis
598 355 759 390 tenoribus
777 353 929 398 specialis,
947 354 1045 398 speci-

302 407 372 449 fica,
398 418 544 452 expressa
568 412 598 442 et
622 408 800 448 individua,
824 418 859 440 ac
883 407 922 440 de
946 408 1043 441 verbo

302 460 341 493 ad
366 461 508 503 verbum,
525 472 588 495 non
612 466 714 495 autem
740 471 798 505 per
821 461 977 493 clausulas
994 471 1045 503 ge-

302 515 425 548 nerales
434 515 516 548 idem
530 515 747 559 importantes,
757 514 875 547 mentio
885 524 940 547 seu
952 524 1044 558 quae-

303 568 348 601 vis
365 568 426 601 alia
441 568 602 612 expressio
628 567 774 601 habenda
791 572 844 600 ant
863 568 967 611 aliqua
983 567 1043 600 alia

303 621 458 666 exquisita
482 622 582 655 forma
614 621 651 654 ad
676 622 736 654 hoc
761 621 912 654 servanda
942 622 1042 662 foret,

303 675 396 708 etiam
413 675 497 719 quod
517 676 549 708 in
565 676 610 709 eis
627 679 772 709 caveatur
787 685 942 719 expresse,
959 675 1043 719 quod

303 728 364 761 illis
396 729 573 762 nullatenus
607 733 660 761 aut
694 728 819 762 nonnisi
857 727 914 761 sub
950 728 1044 761 certis

303 782 397 816 modo
426 787 456 815 et
479 783 582 815 forma
606 782 752 825 derogari
777 782 892 826 possit,
917 786 1044 815 tenores

303 835 504 876 huiusmodi,
533 846 569 868 ac
601 835 627 868 si
658 835 697 868 de
727 835 824 868 verbo
850 835 888 868 ad
913 835 1043 868 verbum

303 888 380 921 nihil
404 888 530 932 penitus
547 888 664 922 omisso
684 894 715 921 et
733 889 836 922 forma
853 889 884 921 in
904 889 965 921 illis
986 893 1045 922 tra-

303 941 368 974 dita
392 941 557 975 observata
574 942 683 976 inserti
699 943 809 983 forent,
826 942 1045 987 praesentibus

302 1005 361 1039 pro
385 995 577 1029 sufficienter
600 996 758 1040 expressis
783 1001 813 1029 et
842 996 969 1029 insertis
993 996 1046 1028 ha-

302 1049 429 1090 bentes,
453 1049 513 1082 hac
537 1049 604 1082 vice
628 1049 789 1082 dumtaxat
813 1050 991 1094 specialiter
1015 1054 1046 1082 et

304 1112 451 1146 expresse
460 1102 660 1146 derogamus,
670 1102 836 1136 contrariis
847 1103 1047 1146 quibuscum-

305 1166 386 1201 que.;
405 1160 457 1188 ant
478 1155 503 1189 si
525 1156 683 1200 aliquibus
705 1156 917 1189 communiter
933 1157 980 1188 vel
998 1156 1045 1188 di-

305 1209 395 1242 visim
426 1210 464 1242 ab
488 1210 667 1253 Apostolica
700 1210 739 1243 sit
771 1210 849 1243 Sede
874 1209 1045 1250 indultum,

304 1263 388 1306 quod
412 1263 566 1303 interdici,
584 1263 733 1307 suspendi
757 1263 805 1295 vel
830 1263 1046 1296 excommuni-

305 1315 369 1348 cari
396 1325 460 1348 non
483 1315 604 1359 possint
633 1326 691 1359 per
715 1315 834 1349 litteras
858 1315 1046 1359 apostolicas

304 1378 367 1401 non
396 1368 545 1402 facientes
580 1369 705 1412 plenam
736 1373 766 1402 et
799 1379 980 1412 expressam
1011 1379 1047 1401 ac

304 1422 342 1455 de
366 1423 462 1456 verbo
486 1423 526 1456 ad
556 1423 689 1457 verbum
719 1423 757 1456 de
789 1423 909 1458 indulto
938 1424 1048 1457 huius-

306 1476 391 1510 modi
408 1478 611 1511 mentionem.

350 1530 365 1574 5
389 1530 418 1563 5.
444 1531 571 1572 Verum,
596 1532 670 1575 quia
694 1532 822 1565 difficile
845 1532 935 1573 foret,
960 1542 1049 1575 prae-

306 1589 409 1617 sentes
433 1584 553 1618 litteras
577 1585 771 1628 ubicumque
796 1596 876 1629 opus
900 1590 983 1619 esset
999 1585 1049 1618 de-

306 1637 391 1678 ferri,
401 1638 545 1671 volumus
556 1642 585 1671 et
597 1638 715 1682 pariter
732 1638 917 1671 auctoritate
927 1643 1049 1682 aposto-

305 1690 365 1723 lica
375 1690 585 1731 decernimus,
596 1691 681 1735 quod
697 1691 832 1732 illarum,
843 1691 1048 1736 transumptis

305 1743 398 1776 etiam
413 1744 585 1788 impressis,
601 1755 696 1777 manu
713 1745 846 1782 alicuius
862 1745 976 1778 notarii
990 1756 1048 1789 pu-

305 1796 379 1830 blici
412 1798 611 1841 subscriptis,
642 1804 672 1831 et
702 1798 806 1841 sigillo
839 1809 992 1842 personae
1017 1800 1048 1832 in

305 1850 455 1893 dignitate
472 1852 681 1885 ecclesiastica
706 1852 892 1885 constitutae
910 1853 1047 1893 munitis,

306 1903 414 1937 eadem
427 1915 559 1948 prorsus
572 1904 649 1938 fides
659 1905 856 1946 adhibeatur,
866 1916 947 1950 quae
961 1916 1049 1950 prae-

306 1957 446 1990 sentibus
470 1957 685 1998 adhiberetur,
714 1958 739 1991 si
764 1959 866 1992 forent
890 1959 1048 2002 exhibitae

306 2011 355 2043 vel
377 2016 528 2044 ostensae.

351 2064 461 2098 Datum
491 2065 619 2105 Romae,
635 2065 719 2108 apud
745 2065 774 2099 S.
800 2065 929 2098 Mariam
953 2066 1048 2100 Maio-

307 2127 373 2150 rem
387 2145 394 2159 ,
415 2118 472 2151 sub
496 2119 613 2151 annulo
636 2119 813 2159 Piscatoris,
833 2119 884 2152 die
905 2130 946 2153 xx
970 2119 1048 2152 iunii

307 2181 460 2212 MDCXXIV,
483 2171 684 2216 pontificatus
709 2172 808 2206 nostri
833 2183 914 2206 anno
938 2183 958 2206 1.

344 2242 401 2270 Dat.
422 2242 465 2271 die
484 2243 519 2271 20
537 2243 603 2271 iunii
625 2244 703 2279 1624,
720 2244 814 2280 pontif.
832 2252 902 2273 anno
921 2251 939 2272 t.

614 2415 738 2449 LXVIII.

309 2495 504 2539 Proroqatio
535 2505 590 2528 seu
620 2506 704 2529 nova
736 2497 891 2529 concessio
922 2495 1049 2528 indulti

354 2548 439 2581 iuris
468 2549 665 2582 nominandi
698 2549 740 2582 ad
771 2549 984 2582 canonicatus
1019 2553 1049 2581 et

352 2602 551 2646 praebendas
575 2602 784 2636 ecclesiarum
808 2603 1050 2638 Colone'ensium

353 2656 472 2690 rectori
487 2656 713 2691 universitatis
731 2656 943 2697 Coloniensis,
963 2655 1050 2690 adie-

1723 243 1781 275 ¹171

1121 302 1180 334 ctis
1206 306 1312 335 tamen
1334 300 1508 334 nonnullis
1529 300 1651 344 leqibus
1675 311 1732 344 per
1759 311 1816 333 no—

1121 356 1262 389 minatos
1284 354 1480 389 servandis'⁴

1077 434 1201 462 Dilectis
1221 434 1294 462 filiis
1310 435 1463 463 nobilibus
1482 434 1572 468 viris,
1594 433 1768 462 consulibus
1789 438 1819 462 et

1113 481 1235 508 senatui
1260 480 1394 508 civitatis
1416 483 1446 509 et
1465 480 1650 515 reipublicae
1668 480 1819 508 Colonien-

1112 531 1166 557 SIS'
1272 561 1408 588 Urbanus
1430 561 1508 595 Papa
1528 562 1607 590 v111.

1253 613 1361 641 Dilecti
1377 614 1443 647 filii,
1459 614 1574 641 nobiles
1586 615 1653 647 viti,

1113 657 1244 685 salutem
1266 660 1297 685 et
1322 657 1519 693 apostolicam
1533 658 1781 686 benedictionem.

1834 253 1880 279 An.
1895 252 1924 279 C.
1948 252 2013 279 1622

1122 728 1136 771 ξ
1153 728 1276 760 tAlias
1292 727 1362 771 piae
1379 728 1551 761 memoriae
1560 728 1656 761 Paulo
1671 729 1769 772 Papae
1784 730 1816 770 Y,
1853 745 1957 765 simmei
1968 750 2016 764 *lon-

1077 781 1313 825 praedecessori
1330 786 1449 822 nostro,
1466 791 1525 825 pro
1541 787 1629 825 parte
1650 785 1753 815 vestra
1771 794 1819 816 ex·
1832 777 1855 818 ssi

1078 834 1188 878 posito,
1213 835 1297 878 qnod
1321 835 1444 879 pridem
1472 835 1571 868 felicis
1591 835 1818 869 recordationis
1834 825 1845 844 s,

1077 889 1219 922 Clemens
1240 889 1321 932 Papa
1335 889 1410 929 VIII,
1429 889 1572 923 similiter
1594 890 1819 933 praedecessor

1078 948 1184 976 noster
1193 943 1279 986 (cum
1295 943 1475 986 accepisset,
1485 943 1570 987 quod
1582 948 1672 976 antea
1682 944 1819 977 recolen-

1855 806 1858 817 Ι

1847 827 1907 845 «caaz.

1859 777 1956 791 sstvutiesa
1963 777 2015 791 <um-

1862 805 1870 817 ς
1878 798 2016 818 Pontificibus

1078 997 1135 1030 dae
1150 997 1320 1030 memoriae
1337 997 1452 1030 Paulus
1465 997 1546 1041 Papa
1561 997 1608 1038 IV,
1627 998 1719 1030 ctiam
1733 1008 1821 1041 prac—
1835 1010 1942 1057 Moesum
1947 1010 2019 1057 '12:353

1079 1049 1226 1083 decessor
1234 1054 1352 1090 noster,
1364 1050 1457 1082 certis
1468 1054 1541 1082 tunc
1551 1050 1708 1094 expressis
1718 1061 1820 1083 causis
1836 1067 1884 1084 tius
1909 1064 2018 1083 culmum<

1835 1092 1851 1110 si

1855 1097 1864 1110 s
1876 1093 1982 1110 concessu
1993 1090 2018 1109 :ut

1079 1103 1242 1144 adductus,
1259 1104 1373 1137 rectori
1388 1109 1418 1136 et
1437 1104 1562 1137 decanis
1578 1109 1713 1147 quatuor
1730 1105 1822 1137 sacul-
1836 1107 1947 1152 infamium
1990 1117 2019 1136 sn-

1079 1161 1176 1189 tatum
1201 1157 1413 1191 universitatis
1433 1158 1527 1190 studii
1552 1158 1708 1200 generalis
1731 1144 2020 1201 Coto-{¹2¹l'133hiass‘331

1080 1210 1206 1250 niensis,
1217 1210 1413 1254 consilioque
1430 1211 1514 1243 illius
1529 1212 1695 1251 facultatis,
1705 1222 1741 1244 ex
1759 1223 1822 1255 qua
1836 1199 1946 1245 fffflss‘ill'?
1957 1202 2020 1243 ’,3ιῇἶῖ

1837 1256 1877 1276 que
1925 1251 2022 1270 ecclesus

1079 1274 1215 1307 persona
1231 1264 1421 1297 nominanda
1432 1265 1703 1308 esset,apostolica
1719 1270 1823 1298 aueto-
1837 1276 2004 1298 Coloniensitsus.

1081 1316 1171 1349 ritate
1182 1317 1363 1357 indulserat,
1374 1322 1406 1349 ut
1417 1328 1488 1350 cum
1502 1317 1719 1361 provisoribus
1739 1318 1821 1351 eius-

1080 1369 1152 1403 dem
1176 1370 1387 1402 universitatis
1404 1380 1554 1414 personas
1568 1380 1728 1403 assumere
1750 1381 1821 1414 pos-

1081 1426 1148 1453 sent
1172 1421 1204 1453 in
1228 1421 1338 1454 eadem
1363 1421 1566 1455 universitate
1591 1427 1762 1465 promotas,
1787 1433 1822 1455 ac

1082 1474 1113 1506 in
1137 1474 1273 1518 publicis
1299 1475 1415 1508 scholis
1441 1475 1581 1508 eiusdem
1611 1475 1824 1508 universitatis

1082 1529 1221 1572 legentes
1246 1532 1275 1562 et
1298 1529 1445 1569 lecturas,
1470 1539 1547 1572 quas
1572 1529 1630 1572 ipsi
1655 1535 1760 1563 rector
1788 1540 1824 1563 ac

1081 1582 1191 1616 decani
1207 1588 1237 1616 et
1257 1583 1450 1627 provisores,
1467 1583 1618 1626 praestito
1636 1583 1823 1620 iuramento.

1081 1636 1222 1669 unanimi
1247 1636 1380 1669 consilio
1404 1636 1488 1669 illius
1519 1636 1672 1670 facultatis
1703 1637 1734 1669 in
1763 1647 1824 1680 qna

1081 1690 1222 1732 legerent
1243 1689 1291 1722 vel
1315 1689 1421 1732 legere
1445 1689 1607 1730 deberent,
1628 1689 1667 1722 ad
1684 1689 1715 1722 id
1736 1700 1824 1723 more

1082 1743 1174 1777 solito
1213 1743 1397 1786 congregati
1435 1743 1563 1777 idoneas
1594 1747 1624 1777 et
1656 1743 1824 1776 catholicas

1081 1807 1160 1838 esse,
1176 1807 1212 1829 ac
1229 1796 1268 1829 ad
1284 1796 1409 1829 laudem
1427 1802 1458 1829 et
1481 1797 1621 1829 fructum
1647 1796 1824 1830 studiorum

1082 1850 1225 1893 profiteri
1242 1860 1335 1894 posse
1355 1854 1602 1893 cognoscerent,
1620 1860 1735 1893 easque
1751 1850 1824 1883 dile-

1082 1903 1139 1936 ctis
1161 1904 1233 1936 filiis
1257 1904 1387 1937 maioris
1407 1910 1437 1936 et
1460 1904 1594 1936 aliarum
1619 1904 1824 1937 ecclesiarum

1081 1957 1181 1991 dictae
1206 1957 1339 1991 civitatis
1363 1957 1519 2001 capitulis,
1537 1957 1575 1990 ad
1600 1968 1678 2001 quos
1703 1959 1825 1990 canoni-

1082 2016 1209 2044 catuum
1227 2016 1257 2044 et
1272 2011 1524 2055 praebendarum
1542 2011 1572 2043 in
1587 2011 1704 2044 eisdem
1730 2012 1825 2044 ecele-

1082 2065 1135 2098 siis
1147 2064 1386 2098 consistentium
1405 2064 1540 2104 collatio,
1564 2064 1713 2107 provisio,
1734 2074 1824 2108 prae-

1082 2119 1232 2159 sentatio,
1257 2119 1387 2159 electio,
1413 2118 1588 2158 institutio,
1614 2128 1669 2151 seu
1697 2118 1825 2161 quaevis

1081 2172 1141 2205 alia
1171 2172 1352 2216 dispositio,
1378 2171 1589 2204 communiter
1613 2171 1661 2203 vel
1685 2171 1824 2207 divisim,

1082 2226 1129 2258 vel
1154 2225 1230 2258 alias
1253 2224 1491 2268 quomodolibet
1515 2224 1698 2268 pertineret,
1723 2223 1824 2256 dictae

1082 2278 1226 2311 videlicet
1249 2283 1279 2311 et
1302 2277 1432 2311 maioris
1456 2283 1486 2310 et
1510 2277 1539 2311 S.
1565 2277 1716 2311 Gereonis
1739 2277 1825 2310 Colo-

1081 2332 1209 2373 niensis,
1230 2331 1269 2364 ad
1294 2331 1524 2376 presbyterales
1546 2336 1677 2371 tantum,
1695 2330 1734 2363 ad
1750 2331 1824 2363 reli-

1082 2396 1162 2430 quos
1186 2396 1260 2419 vero
1277 2385 1410 2418 aliarum
1427 2385 1632 2418 ecclesiarum
1650 2384 1825 2427 praedicta-

1082 2450 1154 2472 rum
1180 2439 1381 2472 canonicatus
1406 2442 1435 2472 et
1459 2438 1664 2481 praebendas,
1681 2437 1735 2481 qni
1752 2438 1823 2471 inde

1082 2493 1120 2526 ad
1146 2493 1316 2526 triennium
1341 2496 1415 2525 tunc
1444 2496 1612 2524 venturum
1636 2491 1667 2523 in
1692 2491 1824 2534 singulis

1083 2546 1197 2587 martii,
1223 2546 1289 2579 iulii
1315 2550 1344 2579 et
1367 2545 1549 2578 novembris
1573 2545 1735 2578 mensibus
1752 2545 1824 2577 Sedi

1082 2600 1280 2644 Apostolicae
1311 2609 1367 2643 per
1401 2598 1590 2632 concordata
1619 2598 1824 2632 Germanicae

1118 2664 1129 2690 1
1152 2663 1189 2691 Ex
1209 2663 1318 2698 Regest.
1338 2662 1366 2690 in
1384 2662 1487 2691 Secret.
1507 2662 1586 2691 Brev.
