2269 3235
128 247 179 276 An.
200 247 228 276 C.
246 247 313 276 1628

154 1472 181 1494 Et.
194 1473 300 1495 huiusmo·

174 1500 301 1521 declaratio-

117 1531 164 1546 nem
192 1527 301 1548 confirmat

117 1552 220 1574 Pontifex.

943 246 1084 270 ttnnANUs
1109 246 1164 270 vin
1189 246 1236 269 Pr.

321 294 480 328 decretum
506 295 660 327 camerate
685 294 895 335 emanaverit,
921 294 1058 327 eiusdem

322 347 439 379 decreti
460 347 657 380 observantia
683 353 712 380 et
732 348 940 391 exequutione
965 347 1059 379 ctiam

322 400 532 443 subsequutis,
557 401 674 444 pariter
694 412 731 433 cx
749 411 786 433 co
807 400 890 444 quod
916 400 947 432 in
968 400 1060 432 sacul-

322 454 434 487 tatibus
462 454 613 496 testandi,
641 459 671 486 et
699 454 737 486 de
766 453 856 486 bonis
886 452 1056 496 disponen-

320 506 367 546 di,
387 518 422 540 ac
439 506 477 539 ab
495 507 637 540 intestato
662 505 856 547 succedendi,
875 516 931 548 per
947 516 1004 538 nos
1021 505 1058 538 ab

320 559 392 593 inde
417 560 495 593 citra
520 560 686 599 concessis,
703 569 851 602 expressa
865 559 1059 591 constitutio-

320 623 395 645 num
421 613 513 646 etiam
538 611 816 645 declaratoriarum
841 611 939 643 felicis
957 621 1059 644 recor-

320 665 455 699 dationis
479 665 547 698 Iulii
572 665 672 707 Papae
696 664 733 696 ΙΙΙ
752 664 845 696 ctiam
867 663 1054 707 praedeces·-

320 718 401 751 soris
424 717 523 751 nostri
541 727 635 760 super
652 716 806 749 fructibus
820 717 968 749 inexactis
981 717 1057 749 alias

320 771 351 803 in
374 771 511 803 favorem
536 769 739 802 ecclesiarum
766 774 796 802 et
820 769 1056 810 beneficiorum,

320 834 356 856 ac
379 823 410 855 in
436 822 479 855 eis
503 833 731 864 successorum,
758 827 787 855 et
812 813 986 866 resp‘ective
1011 833 1057 856 ea-

317 885 423 908 merae
446 879 573 909 nostrae
598 876 788 919 apostolicae
819 876 974 908 editarum
1003 876 1056 908 de-

317 929 461 972 rogatio,
487 940 559 962 cum
589 929 721 962 diversis
751 935 781 962 et
810 929 1056 973 praegnantibus

317 983 474 1024 clausulis,
488 983 581 1017 etiarn
595 983 868 1026 derogatoriarum
889 983 1056 1025 derogato-

318 1037 382 1078 riis,
394 1037 535 1081 apposita
546 1037 612 1078 fuit,
625 1048 642 1070 a
654 1037 814 1069 nonnullis
824 1038 1055 1080 praetendatur,

318 1091 446 1133 regulae
461 1091 714 1124 etconstitutioni
726 1096 851 1123 nostrae
865 1091 1054 1133 huiusmodi,

317 1144 565 1188 resolutionique
575 1149 604 1176 et
614 1144 739 1178 decreto
749 1145 956 1177 cameralibus
966 1156 1056 1188 prae-

317 1197 407 1230 dictis
432 1197 622 1230 sufficienter
646 1198 842 1241 derogatum,
865 1209 901 1231 ac
923 1199 1055 1242 proinde

318 1251 553 1284 successoribus
578 1252 609 1283 in
634 1251 794 1284 benefieiis
813 1257 843 1284 et
866 1253 1006 1286 eeclesiis
1026 1258 1056 1285 et

316 1304 488 1348 respective
513 1315 656 1337 camerae
676 1305 853 1348 praedictis⁷
875 1306 978 1348 quoad
994 1306 1056 1338 sru-

317 1360 384 1390 ctus
401 1357 559 1390 inexactos
573 1357 763 1397 huiusmodi,
777 1358 1004 1401 praeiudicium
1023 1359 1056 1390 il-

316 1411 413 1443 latum
437 1410 552 1443 fuisse:

360 1465 374 1508 ἓ
387 1464 416 1497 5.
431 1465 641 1505 Nos,omnem
654 1464 685 1496 in
698 1464 878 1508 praemissis
892 1464 1054 1498 dubitandi

315 1528 371 1550 seu
387 1518 560 1550 haesitandi
578 1517 740 1550 materiam
764 1528 780 1550 e
805 1518 908 1550 medio
932 1519 1053 1559 tollere,

315 1576 346 1604 et
368 1576 431 1604 tam
457 1571 660 1604 ecclesiarum
692 1576 722 1603 ct
749 1571 997 1613 beneficiorum,
1022 1572 1053 1604 in

315 1624 421 1667 eisque
443 1634 660 1657 successorum
675 1650 682 1664 ‚
707 1634 742 1656 ac
762 1624 857 1656 etiam
881 1625 1053 1668 respective

314 1687 456 1710 camerae
473 1676 708 1720 praedictorum
726 1677 922 1709 indemnitati
940 1688 1052 1711 consu-

312 1730 377 1763 lere
402 1730 550 1770 volentes,
575 1733 698 1763 n‘ecnon
715 1741 987 1774 quarumcumrpie
1006 1732 1052 1763 lit-

312 1788 464 1820 terarum,
476 1783 723 1827 apostolicarum
740 1789 804 1816 tam
821 1784 852 1816 in
869 1784 969 1817 forma
982 1785 1052 1818 Bre-

313 1836 359 1869 vis
376 1847 471 1880 quam
491 1837 549 1869 sub
572 1837 702 1880 plumbo
728 1848 822 1881 super
852 1838 1051 1871 facultatibus

313 1890 463 1931 testandi,
487 1890 672 1934 disponendi
697 1895 727 1923 et
747 1891 785 1923 ab
811 1891 955 1925 intestato
981 1903 1051 1925 suc-

313 1943 1050 1989 cedendi,etaliasquomodolibetexpeditarum,

313 2007 349 2030 ac
365 2007 637 2041 quarumcumque
661 1998 793 2030 aliarum
813 2000 1049 2033 concessionum

313 2055 342 2084 et
361 2051 535 2093 gratiarum
552 2051 688 2095 desuper
706 2053 945 2096 quomodolibet
962 2054 1051 2087 sacta-

311 2113 383 2135 rum
398 2102 536 2135 veriores
550 2107 580 2134 et
594 2107 676 2136 totos
701 2107 835 2145 tenores,
852 2115 975 2137 necnon
992 2106 1050 2138 alia

311 2166 528 2199 quaecumque
538 2155 631 2188 etiam
642 2157 692 2189 hic
702 2157 807 2189 forsan
819 2158 856 2190 de
866 2159 1050 2192 necessitate

312 2209 535 2252 exprimenda,
560 2210 779 2253 praesentibus
812 2222 870 2254 pro
901 2213 992 2256 plene
1021 2218 1051 2246 et

313 2262 501 2296 sufficienter
525 2263 680 2307 expressis
710 2269 739 2297 et
771 2264 808 2297 ad
840 2265 971 2298 verbum
1003 2266 1049 2299 in-

313 2315 404 2348 sertis
427 2316 586 2357 habentes,
612 2323 698 2350 motu
714 2320 844 2361 proprio
861 2324 890 2351 ct
911 2330 947 2352 ex
964 2323 1049 2353 certa

312 2367 441 2400 scientia
465 2379 501 2401 ac
525 2372 647 2403 matura
663 2370 888 2404 deliberatione
913 2373 1048 2415 nostris,

313 2421 415 2466 deque
438 2423 626 2466 apostolicae
649 2425 810 2467 potestatis
832 2426 1048 2469 plenitudine,

312 2474 371 2508 hac
383 2477 488 2508 nostra
504 2482 655 2519 perpetuo
671 2477 804 2510 valitura
815 2479 1048 2523 constitutione,

312 2528 440 2561 easdem
472 2534 594 2562 nostras
626 2531 829 2564 cancellariae
861 2534 1049 2576 apostolicae

311 2582 453 2624 regulam
468 2587 497 2615 et
510 2583 774 2627 constitutionem,
790 2586 1048 2630 praedictamque

310 2635 534 2668 resolutionem
549 2637 746 2680 cameralem,
767 2649 803 2671 ac
819 2639 980 2673 decretum
997 2641 1049 2673 de-

393 2698 471 2726 Bull.
491 2699 568 2727 Rom.
588 2714 623 2718 —
645 2700 705 2728 Vol.
720 2700 800 2729 XIII.
927 2702 962 2730 82

1095 305 1189 337 super
1210 298 1387 326 emanatum
1406 293 1596 332 huiusmodi,
1611 303 1730 325 necnon
1750 294 1834 337 ipsas

1094 347 1167 381 dicti
1193 348 1260 380 Iulii
1287 348 1519 391 predecessoris
1540 347 1777 379 constitutiones
1804 349 1832 380 in

1094 402 1230 433 tavorem
1256 402 1459 434 ecclesiarum
1485 406 1515 435 ‹·t
1540 401 1775 442 beneficiorum,
1803 402 1833 433 in

1093 454 1201 497 eisque
1226 464 1454 495 successorum,
1481 466 1515 487 ac
1541 466 1683 487 caum-rac
1707 460 1832 497 aposto·

1094 505 1170 538 licae
1195 507 1365 549 respective
1389 517 1483 549 super
1505 507 1658 539 fructibus
1685 507 1832 539 int-,vactis

1093 558 1272 591 huiusmodi
1298 559 1403 601 editas,
1430 565 1459 591 ct
1484 560 1521 591 de
1541 560 1575 591 iis
1596 560 1833 603 quomodolibet

1092 612 1303 654 disponentes,
1321 618 1428 645 tenore
1449 614 1660 656 praesentitun
1680 620 1832 657 perpetuo

1092 665 1317 708 approbamus,
1333 666 1462 708 illasque
1477 670 1505 700 ct
1522 678 1629 698 earum
1649 669 1830 710 (piandum,

1092 718 1194 760 quoad
1215 718 1335 751 fructus
1353 718 1512 751 inexactos
1532 720 1721 759 huiusmodi,
1745 721 1774 752 iu
1793 722 1833 753 sa-

1091 781 1198 803 vorem
1231 771 1435 804 ecclcsiarum
1469 777 1499 804 ct
1528 772 1775 812 beneficiorum,
1802 774 1832 806 in

1091 823 1197 867 eisque
1215 834 1444 865 successorum,
1459 829 1488 857 et
1502 824 1675 867 respective
1689 836 1830 858 camerae

1090 883 1216 910 nostrae
1233 878 1420 922 apostolicae
1438 878 1615 922 praedictae
1633 878 1829 911 iunovan‘ius.

1134 931 1149 974 ἓ
1169 931 1197 963 6.
1223 931 1354 975 Insuper
1370 936 1466 971 motu,
1485 932 1613 964 scientia
1627 937 1655 964 et
1669 933 1830 975 potcstatis·

1090 983 1281 1026 plenitudine
1291 984 1419 1028 paribus
1430 985 1636 1027 declaramus,
1651 991 1681 1017 et
1695 985 1724 1017 in
1736 986 1830 1018 verbo
1848 979 1854 991 ⁸

1090 1037 1221 1069 Romani
1246 1038 1405 1071 Pontificis
1430 1042 1630 1079 attestamur,
1664 1039 1776 1071 mentis
1802 1044 1831 1071 et

1090 1090 1270 1123 intentionis
1294 1095 1419 1125 nostrae
1451 1102 1624 1135 numquam
1654 1092 1748 1125 fuisse
1773 1103 1830 1126 nec

1089 1155 1167 1185 esse,
1193 1144 1359 1188 minusque
1377 1145 1414 1177 de
1435 1150 1540 1178 cetero
1558 1146 1634 1186 fore,
1652 1157 1708 1189 per
1724 1157 1830 1189 quam-

1090 1208 1224 1241 cumque
1243 1199 1489 1240 concessionem,
1515 1199 1670 1232 indultum
1699 1210 1753 1232 scu
1785 1201 1828 1232 sa-

1090 1251 1235 1284 cultatem
1260 1251 1392 1285 testandi
1416 1256 1445 1284 et
1463 1252 1659 1295 disponendi,
1678 1263 1713 1285 ac
1730 1253 1768 1285 ab
1788 1253 1829 1285 in-

1089 1308 1200 1338 testato
1216 1304 1413 1345 succedendi,
1425 1306 1472 1337 vel
1485 1306 1725 1347 transmittendi,
1735 1307 1828 1339 etiam

1089 1363 1186 1399 motu,
1211 1358 1340 1390 scientia
1358 1363 1388 1390 et
1404 1359 1566 1402 potestatis
1583 1360 1776 1402 plenitudine
1792 1360 1829 1392 si-

1089 1411 1225 1453 milibus,
1251 1422 1286 1444 ac
1311 1412 1403 1445 etiam
1429 1413 1698 1453 consistorialiter,
1724 1419 1753 1446 et
1771 1425 1828 1457 per

1087 1465 1216 1498 modum
1241 1466 1373 1506 indulti,
1399 1477 1452 1499 scu
1477 1467 1555 1509 legis
1575 1467 1753 1509 generalis,
1779 1468 1826 1500 vel

1087 1519 1162 1551 alias
1187 1519 1425 1562 quomodolibet
1457 1530 1474 1552 a
1510 1520 1600 1553 nobis
1625 1527 1801 1552 emanatam
1819 1549 1826 1563 ,

1086 1571 1254 1614 praedictis
1274 1573 1401 1613 regulae
1418 1578 1448 1605 ct
1465 1573 1680 1606 constitutioni
1699 1574 1826 1615 nostris,

1086 1634 1207 1657 necnon
1221 1625 1404 1657 resolutioni
1418 1631 1447 1657 et
1461 1626 1588 1658 decreto
1606 1627 1825 1667 cameratibus,

1086 1678 1276 1721 illorumque
1290 1678 1515 1720 observantiae,
1531 1679 1697 1722 minusque
1715 1681 1827 1712 consti-

1085 1731 1257 1764 tutionibus
1278 1732 1351 1764 dicti
1368 1732 1437 1765 Iulii
1455 1733 1705 1776 praedecessoris
1724 1734 1828 1766 buius-

1085 1784 1192 1826 modi,
1225 1785 1327 1828 quoad
1362 1785 1462 1818 dictos
1493 1786 1611 1819 fructus
1644 1786 1803 1819 inexactos
1818 1814 1825 1827 ,

1085 1838 1206 1870 etiamsi
1217 1838 1336 1871 affictus
1347 1842 1376 1872 et
1386 1839 1596 1872 emolumenta
1608 1850 1826 1883 quaecumque

1085 1892 1225 1924 inexacta
1237 1893 1416 1925 huiusmodi
1428 1893 1618 1926 deberentur
1633 1894 1751 1926 ratione
1766 1895 1827 1927 fru-

1084 1951 1191 1978 ctuum
1216 1947 1457 1980 recollectorum
1482 1952 1512 1979 et
1536 1947 1567 1979 in
1587 1948 1700 1980 horreo
1720 1959 1825 1980 recon-

1084 2000 1223 2033 ditorum
1247 2011 1282 2033 ac
1307 2001 1400 2033 ctiam
1427 2007 1711 2044 consumptorum,
1738 2002 1826 2035 dero-

1084 2064 1168 2096 gare,
1193 2064 1250 2087 nec
1275 2054 1402 2097 aliquod
1431 2055 1475 2087 eis
1503 2055 1734 2098 praeiudicium
1760 2057 1824 2089 ullo

1084 2107 1178 2140 modo
1211 2107 1344 2149 inferre,
1374 2108 1515 2151 quinimo
1547 2108 1671 2140 easdem
1702 2115 1825 2142 nostras

1083 2161 1224 2203 regulam
1250 2165 1279 2194 et
1303 2161 1573 2199 constitutionem,
1599 2161 1825 2205 decretumque

1083 2218 1112 2246 et
1129 2215 1354 2247 resolutionem
1373 2225 1515 2247 camerae
1532 2215 1719 2258 praedictae,
1733 2226 1767 2247 ac
1782 2215 1826 2247 di-

1084 2268 1123 2301 cti
1144 2268 1212 2300 Iulii
1232 2268 1484 2311 praedecessoris
1506 2269 1753 2307 constitutiones,
1769 2280 1825 2312 per

1083 2331 1149 2361 nos,
1163 2326 1197 2353 ut
1210 2322 1394 2364 praefertur,
1410 2321 1607 2364 approbatas,
1624 2322 1824 2355 confirmatas

1083 2380 1113 2407 et
1124 2375 1478 2419 respectiveinnovatas,
1493 2375 1530 2407 de
1546 2381 1650 2408 cetero
1664 2376 1823 2419 perpetuis

1083 2428 1195 2460 suturis
1219 2428 1437 2472 temporibus,
1469 2428 1571 2472 quoad
1596 2429 1715 2461 fruetus
1741 2440 1820 2472 qua-

1083 2492 1291 2525 rumcumque
1316 2481 1519 2514 ecclesiarum
1546 2487 1574 2514 et
1596 2482 1823 2515 beneficiorum

1082 2535 1319 2578 quomodolibet
1345 2536 1610 2579 (pialil‘icatorum,
1629 2542 1658 2568 et
1675 2548 1824 2580 quocum-

1081 2599 1141 2632 que
1166 2589 1292 2621 nomine
1317 2594 1570 2633 nuncupatorum
1592 2590 1750 2623 inexactos
1768 2592 1823 2623 liu-

1079 2642 1225 2685 iusmodi,
1239 2642 1462 2676 inviolabiliter
1481 2643 1653 2684 observari,
1669 2655 1704 2677 ac
1723 2645 1822 2678 omni-

1738 237 1802 272 649
1849 247 1899 273 An.
1917 247 1946 273 c.
1967 246 2032 273 1628

1873 946 1967 973 Eamque
1987 953 1995 966 s
2023 957 2030 962 -

1860 988 1862 991 ⁴
1946 980 2028 994 otiintno

1846 1003 1957 1026 praecipit.
