2269 3235
240 294 289 321 An.
302 293 329 320 C.
354 293 418 321 tt‘127

264 982 291 1001 Ae
306 981 356 1002 Sedi
368 984 420 1008 Apo-

238 1013 325 1032 stota-..e
351 1019 420 1031 inuiti·-

238 1040 295 1060 dtate
311 1039 388 1060 subdit.

469 284 532 318 620

437 341 693 383 archiel»iscopus
718 338 933 376 Messanensis,
959 342 986 369 et
1013 338 1062 369 alii
1090 348 1175 380 prae-

439 396 503 434 tati,
532 395 559 426 in
587 394 654 425 illos
679 399 705 424 ct
735 393 784 424 illa
810 392 944 434 aliquem
971 390 1174 429 visitationis,

437 447 659 480 inflatu-tionis
684 458 717 478 ac
744 445 995 488 superioritatis,
1027 445 1072 476 vel
1099 444 1175 476 iuris

438 499 656 542 metropolitici
672 505 774 531 actum
790 508 948 537 exercerc,
966 502 1018 529 aut
1038 497 1172 540 aliquam

436 553 629 592 seutentiam,
656 562 818 583 censuram
837 556 867 583 et.
885 561 1016 594 poenam
1038 551 1175 593 promul-

436 616 530 645 gare,
563 611 611 636 aut
647 605 893 644 recognitionem
925 603 1173 646 superioritatis,

437 659 482 689 rel
508 658 700 689 documii-um
727 657 906 690 huiusmodi
933 657 1173 700 praestationem

436 711 474 742 ab
499 711 615 742 eisdem
643 716 746 753 pctcrc
777 715 829 742 aut
858 710 1044 753 pretendere
1069 710 1172 741 nulla-

437 769 525 795 tenus
544 765 687 807 possint),
701 764 872 807 apostolica
886 766 1070 796 auctoritate
1088 773 1176 806 prae-

436 817 529 857 dicta,
556 824 664 850 tenore
693 817 916 860 praesentium,
943 822 1097 859 perpetuo
1122 827 1175 859 pe-

436 870 519 902 nitus
551 875 579 904 ct
613 871 740 903 omuino
772 870 959 909 eximimus,
986 875 1015 901 et
1040 870 1176 901 totaliter

436 923 616 961 liberamus,
643 924 755 966 illaque
774 923 879 954 omnia
899 928 929 954 et
945 922 1068 963 singula
1085 922 1176 954 nobis

437 981 466 1007 ct
490 976 560 1008 sodi
585 976 782 1019 Apostolicae
805 975 982 1018 praedictae
997 975 1176 1007 immediate

437 1028 529 1060 ctiam
556 1034 717 1071 perpetuo,
743 1027 825 1060 dicta
850 1027 1053 1069 auctoritate,
1079 1027 1176 1059 subii-

437 1082 536 1113 ciuius
560 1087 590 1113 et
614 1081 840 1124 supponimus,
866 1092 900 1113 ae
925 1080 983 1112 sub
1012 1081 1182 1120 beatorum,

437 1135 517 1167 l'ctri
543 1140 570 1166 et
597 1134 680 1165 Pauli
707 1134 920 1177 apostolorum
948 1136 1023 1166 eura
1048 1139 1078 1166 et
1102 1144 1177 1177 pro-

435 1187 568 1219 tes-tione
588 1187 765 1229 recipimus.
784 1187 992 1218 Decernentcs
1009 1187 1175 1230 losepbum

435 1240 579 1277 electum,
598 1244 624 1273 ct
647 1250 854 1281 successores,
872 1249 994 1272 necnon
1012 1239 1175 1272 eeclesiam

436 1297 465 1326 et
490 1293 645 1325 cixitatcm
672 1293 884 1335 Liparensem,
905 1303 939 1325 ac
960 1292 1066 1325 onmia
1090 1292 1178 1325 terri-

437 1346 514 1377 toria
540 1352 567 1378 et
595 1356 764 1388 personas,
789 1346 911 1389 aliaque
936 1347 1121 1390 praemissa,
1140 1357 1175 1379 ex

435 1409 517 1430 nunc
541 1399 578 1431 de
604 1405 708 1431 cetero
734 1400 895 1442 perpetuis
920 1400 1035 1432 suturis
1060 1405 1178 1443 tempo-

436 1453 523 1484 ribus
538 1453 575 1484 ab
586 1453 905 1496 archiepiscoporum,
917 1454 1177 1496 patriarcharum,

435 1506 604 1549 primatum
630 1517 665 1539 ac
691 1506 840 1547 iudicum,
865 1506 1046 1546 offiialium
1072 1511 1100 1540 et
1125 1507 1178 1539 mi-

436 1562 622 1597 nistrorum,
648 1562 846 1605 aliorumque
870 1562 1105 1605 praedictorum
1130 1562 1177 1594 iu-

436 1615 626 1653 risdictione,
644 1616 848 1655 correctione,
867 1615 1053 1655 visitatione,
1075 1615 1177 1648 domi-

436 1669 498 1709 nio,
513 1669 744 1712 superioritate,
763 1674 925 1712 potestate,
940 1669 1007 1701 iure
1021 1674 1179 1712 metropo-

437 1722 522 1754 litico
548 1728 575 1754 et
597 1722 790 1754 decimarum
817 1722 972 1755 solutione
996 1721 1177 1754 huiusmodi

436 1775 537 1807 libera
561 1779 591 1808 et
615 1781 766 1818 exempta,
792 1785 827 1808 ae
851 1775 941 1807 nobis
960 1780 989 1808 et
1006 1775 1076 1808 Sedi
1091 1786 1180 1818 prae-

437 1829 537 1861 dictae
562 1829 741 1861 immediate
765 1829 919 1870 subiecta,
945 1839 981 1860 ae
1013 1828 1070 1861 sub
1102 1831 1179 1861 eur-‘⁸1

438 1886 467 1914 et
491 1882 685 1925 protectione
711 1881 890 1914 huiusmodi
916 1887 1041 1924 recepta
1062 1892 1129 1914 esse
1151 1887 1180 1914 et

437 1936 513 1977 sore,
540 1940 568 1969 et
592 1946 823 1979 quamcumque
849 1935 1068 1977 visitationem,
1089 1935 1181 1967 iuris-

438 1990 605 2022 dietionem
622 1996 673 2022 aut
688 1986 940 2033 superioritatem
955 1990 1091 2033 aliquam
1105 2001 1181 2033 quo-

438 2043 608 2076 modolibet
627 2044 816 2085 denotantia,
832 2049 859 2076 et
875 2054 1089 2087 quascumque
1107 2054 1181 2087 pro·
1197 2071 1199 2079 ,

439 2097 668 2139 mulgatioucs,
702 2108 779 2140 quas
814 2108 870 2140 per
905 2097 1178 2140 archiepiscopum

438 2150 665 2182 Messanensem
680 2157 707 2183 et
723 2151 799 2183 alios
809 2150 996 2193 praedictos,
1009 2150 1054 2182 vel
1070 2160 1179 2183 eorum

439 2203 573 2246 aliquem
602 2204 729 2247 [quibus
753 2203 967 2236 omnimodam
992 2204 1069 2236 haee
1094 2203 1180 2236 dein-

441 2266 512 2299 ceps
536 2257 676 2297 faciendi,
702 2268 737 2289 ac
761 2257 898 2289 decimas
924 2256 1103 2289 huiusmodi
1122 2257 1182 2289 exi-

441 2310 533 2352 gendi
559 2317 610 2343 aut
636 2311 772 2354 petendi,
797 2311 1017 2354 undecumque
1043 2314 1071 2344 et
1096 2322 1178 2354 quo-

442 2363 673 2407 modocumque
698 2365 759 2396 illis
784 2364 974 2405 attributam,
999 2369 1087 2397 motu
1113 2364 1181 2407 pari

443 2417 631 2457 abmg‘amus
644 2418 886 2460 auctoritatem),
898 2428 932 2450 ac
947 2418 971 2450 si
986 2417 1061 2461 qua¹
1072 2423 1182 2450 contra

443 2474 582 2502 teian-vui
594 2471 807 2513 praesentium
821 2471 890 2504 fieri
900 2471 1182 2513 eontigeritmulla,

444 2523 598 2565 invalida,
623 2524 802 2567 nulliusque
826 2524 952 2557 roboris
978 2530 1005 2557 et
1032 2525 1183 2557 momenti

445 2577 510 2608 tta-«f
535 2582 565 2608 et
588 2588 664 2618 esse,
690 2588 726 2611 ae
749 2588 807 2622 pro
831 2578 926 2610 nullis
946 2583 974 2610 et
991 2578 1112 2611 insectis
1132 2578 1186 2611 lia-

444 2630 513 2662 beri
538 2630 668 2671 debere,

1013 290 1189 313 multandum
1215 289 1367 313 ROMANUM

1254 338 1268 379 g
1292 338 1321 369 ἐξ.
1349 335 1543 394 tssas'demque
1575 339 1756 378 praesentes
1775 345 1898 379 semper
1915 341 1945 369 et

1211 395 1363 433 perpetuo
1398 388 1515 421 validas
1549 393 1578 421 et
1614 389 1754 421 efficaces
1790 388 1944 429 existere,

1210 454 1310 486 neque
1334 453 1369 475 ex
1395 453 1431 475 co
1452 441 1534 484 quod
1558 441 1798 485 archicpiscopi,
1816 441 1946 484 patriar-

1208 497 1295 536 chae,
1325 495 1493 538 primates,
1527 505 1562 526 ac
1589 494 1745 535 ministri,
1774 494 1892 527 iudices
1917 499 1947 527 et

1209 549 1358 582 officiales
1383 547 1543 592 praedicti,
1570 547 1685 591 aliique
1711 547 1740 579 in
1765 547 1946 591 praemissis

1210 602 1256 635 ius
1281 603 1384 635 forsan
1410 602 1571 641 babentes,
1589 606 1642 633 aut
1666 601 1781 633 babere
1806 605 1948 644 praeten-

1209 656 1336 698 dentes,
1363 655 1461 689 vocati
1487 660 1517 687 ct
1541 654 1648 696 auditi,
1673 659 1703 686 et
1728 664 1848 695 causae,
1873 663 1947 697 pro-

1209 715 1278 753 pter
1302 720 1378 752 quas
1403 708 1575 752 praemissa
1599 719 1615 740 a
1641 707 1731 740 nobis
1755 706 1946 747 emanarint,

1210 773 1315 795 eoram
1341 762 1457 795 eisdem
1475 761 1730 805 archiepiscopis,
1747 760 1947 804 patriarchis,

1210 815 1404 858 primatibus,
1418 825 1472 847 seu
1489 815 1557 846 aliis
1573 814 1673 847 dietae
1687 813 1774 847 Sedis
1788 812 1947 856 delegatis,

1211 868 1394 902 iustiticatae
1419 874 1449 901 et
1472 868 1649 901 verifieatae
1672 878 1735 900 non
1755 867 1880 907 suerint,
1897 872 1949 899 aut

1210 922 1318 965 quavis
1350 922 1410 953 alia
1444 921 1482 954 de
1513 923 1628 961 eausa,
1654 921 1692 953 de
1717 920 1948 969 subreptionis,

1211 975 1258 1006 vel
1284 974 1480 1018 obreptionis
1505 974 1665 1013 x‘itio,·aut
1693 973 1873 1006 intentionis
1896 983 1949 1006 no-

1210 1032 1313 1068 strae,
1347 1027 1393 1059 x'cl
1419 1027 1570 1070 quopiam
1594 1026 1655 1059 alio
1680 1026 1802 1060 defectu
1825 1018 1949 1066 notari,

1211 1080 1258 1112 vel
1284 1080 1466 1123 impugnari
1491 1089 1629 1122 unquam
1655 1089 1764 1122 posse;
1783 1078 1901 1122 sieque,
1922 1082 1952 1112 et

1211 1143 1273 1166 non
1298 1133 1384 1172 alias,
1405 1143 1460 1176 per
1485 1143 1701 1176 quoscumque
1725 1131 1843 1164 iudices
1867 1130 1951 1164 ordi-

1211 1186 1316 1218 narios
1340 1186 1387 1218 vel
1417 1185 1597 1228 delegatos,
1622 1195 1820 1229 quacumque
1844 1189 1951 1217 aucto-

1212 1240 1302 1272 ritate
1326 1240 1512 1282 fungentes,
1537 1239 1631 1272 etiam
1656 1249 1820 1272 causarum
1846 1238 1951 1282 palatii

1211 1292 1373 1336 apostolici
1391 1293 1558 1334 auditores,
1573 1303 1607 1325 ae
1621 1292 1649 1325 S.
1667 1293 1701 1325 R.
1717 1292 1749 1325 E.
1769 1291 1950 1333 cardinales,

1211 1346 1304 1378 etiam
1331 1346 1369 1378 de
1401 1346 1499 1378 latere
1530 1346 1650 1388 legatos
1683 1351 1713 1378 et
1742 1345 1951 1387 vicelegatos,

1211 1400 1375 1444 dictaeque
1399 1400 1487 1433 Sedis
1520 1401 1674 1441 nuncios,
1705 1400 1830 1432 sublata
1854 1399 1898 1431 eis
1923 1404 1953 1431 et

1212 1464 1321 1487 eorum
1348 1454 1475 1488 cuilibet
1500 1454 1607 1498 quavis
1632 1453 1721 1486 aliter
1746 1452 1903 1485 iudicandi
1923 1458 1953 1484 et

1212 1507 1437 1551 interpretandi
1464 1508 1610 1540 facultate
1626 1512 1656 1540 et
1676 1506 1870 1546 auctoritate,
1887 1505 1955 1538 ubi-

1212 1572 1272 1605 que
1297 1561 1429 1594 iudicari
1455 1566 1484 1594 et
1510 1561 1633 1593 definiri
1664 1560 1799 1600 debere,
1827 1559 1952 1592 irritum

1212 1625 1337 1658 quoque
1369 1619 1398 1646 et
1430 1614 1520 1646 inane
1552 1613 1705 1657 quidquid
1740 1623 1828 1645 secus
1857 1623 1954 1656 super

1212 1668 1260 1700 bis
1285 1678 1302 1700 a
1327 1678 1497 1711 quoquam,
1514 1667 1622 1711 quavis
1647 1667 1841 1707 auctoritate,
1857 1666 1954 1699 seien-

1214 1727 1260 1754 ter
1284 1722 1332 1754 vel
1358 1721 1549 1764 ignoranter,
1567 1721 1734 1764 contigerit
1753 1720 1907 1753 attentari.

1258 1775 1272 1818 ξ
1289 1774 1319 1808 3.
1337 1776 1405 1808 Non
1425 1775 1620 1808 obstantibus
1640 1773 1831 1817 praemissis,
1849 1784 1884 1806 ae
1900 1783 1956 1806 no-

1214 1831 1277 1861 stra
1303 1828 1341 1861 de
1365 1828 1433 1861 iure
1459 1827 1599 1871 quaesito
1624 1837 1686 1859 non
1710 1827 1858 1868 tollendo,
1876 1827 1956 1860 aliis-

1215 1892 1275 1924 que
1288 1881 1563 1915 constitutionibus
1577 1885 1607 1913 et
1622 1879 1871 1913 ordinationibus
1884 1890 1958 1924 apo-

1214 1935 1341 1975 stolicis,
1361 1945 1396 1967 ac
1421 1933 1605 1966 eorumdem
1632 1933 1956 1976 archiepiscoporum,

1215 1988 1477 2032 patriarcharum,
1491 1987 1673 2031 primatum,
1686 1986 1889 2019 eeclesiarum
1902 1986 1958 2030 (iu-

1215 2047 1378 2084 ramento,
1410 2041 1650 2074 confirmatione
1685 2040 1876 2083 apostoliea,
1908 2040 1957 2072 vel

1215 2095 1323 2139 quavis
1347 2095 1495 2127 firmitate
1515 2094 1575 2126 alia
1596 2093 1766 2137 roboratis)
1785 2092 1906 2125 statutis
1927 2097 1957 2125 et

1215 2148 1511 2188 consuetudinibus,
1538 2147 1712 2190 privilegiis
1732 2156 1879 2189 quoque,
1908 2146 1957 2178 in-

1215 2202 1310 2234 dultis
1328 2207 1358 2233 et
1373 2201 1485 2233 litteris
1503 2200 1693 2244 apostolicis,
1711 2199 1771 2232 illis
1789 2209 1824 2232 ae
1840 2198 1958 2231 archie-

1216 2255 1364 2299 piscopis,
1390 2254 1598 2298 patriarchis,
1623 2252 1810 2297 primatibus
1834 2257 1864 2285 et
1888 2252 1958 2284 offi-

1216 2308 1345 2341 cialibus
1370 2307 1568 2347 lmiusmodi,
1589 2307 1720 2349 aliisque.
1744 2305 1901 2349 personis,
1927 2305 1958 2337 in

1217 2361 1410 2395 eontrarium
1435 2362 1539 2394 forsan
1571 2360 1808 2404 quomodolibet
1832 2369 1960 2393 conces-

1217 2415 1273 2456 sis,
1291 2414 1471 2458 approbatis
1496 2419 1525 2447 et
1544 2414 1707 2447 innovatis.
1728 2413 1846 2452 Quibus
1862 2412 1961 2446 omni-

1216 2469 1286 2509 bus,
1311 2468 1432 2501 etiamsi
1457 2467 1532 2500 alias
1557 2478 1616 2511 pro
1641 2467 1768 2500 illorum
1793 2466 1960 2499 sufficienti

1218 2522 1421 2564 derogatione
1439 2521 1477 2554 de
1496 2521 1567 2561 illis,
1585 2531 1759 2564 corumque
1782 2520 1856 2553 totis
1876 2525 1961 2552 teno-

1217 2575 1316 2615 ribus,
1342 2574 1495 2618 specialis‚
1512 2574 1670 2618 specifica,
1688 2584 1844 2617 expressa,
1864 2583 1900 2606 ac
1916 2573 1960 2605 in-

1219 2629 1365 2670 dividua,
1395 2639 1431 2662 ac
1462 2628 1500 2661 de
1524 2628 1621 2661 verbo
1647 2628 1685 2661 ad
1709 2628 1842 2661 verbum
1857 2655 1865 2668 ‚
1896 2636 1960 2660 non

482 2674 1323 2728 1,Hicetfinep.praec.et1.a1ain.}1.quae(a.r.).{autem
1347 2692 1405 2727 per
1429 2682 1584 2717 clausulas
1608 2681 1771 2726 generales
1795 2681 1878 2714 idem
1905 2679 1960 2714 im-

1961 288 2009 316 An.
2022 287 2051 314 C.
2075 286 2141 315 1627

1986 350 2106 370 clausulae.

1995 1777 2107 1800 obstantia
2117 1777 2156 1799 tot-

1969 1807 2047 1827 tantur.
