2269 3235
116 243 164 271 An.
184 243 214 271 C.
235 241 301 270 1627

144 1791 232 1812 Mandat
242 1792 301 1811 nota·

119 1818 156 1839 riis
170 1818 208 1838 sub
228 1817 302 1843 poenis

119 1847 142 1866 ut
156 1845 196 1868 hie,
209 1846 231 1864 ιιι
241 1849 302 1870 quas-

119 1876 207 1897 cumque
217 1871 303 1896 scriptu-

212 1897 303 1923 desuper

120 1924 226 1944 confectas
251 1924 302 1943 inira

120 1956 144 1971 Lx
155 1951 200 1971 dies
213 1957 225 1971 a
235 1951 301 1975 publi-

120 1978 203 1998 catione
240 1983 302 2002 prae-

119 2004 208 2024 sentium
244 2009 302 2024 rere-

120 2030 163 2051 lare
204 2036 301 2051 camerae

119 2057 249 2083 apostolicae
265 2057 302 2077 de-

119 2083 189 2105 beant.

160 2322 258 2345 Extendit
274 2321 304 2344 di-

122 2352 177 2371 ctam
199 2350 304 2371 Constitu-

121 2377 198 2398 tionem
214 2378 241 2398 ad
260 2383 304 2397 om-

121 2410 157 2424 nes
166 2404 303 2426 venditiones,

121 2430 247 2453 locationes.
263 2433 304 2452 etc.

121 2459 185 2477 etiam
200 2457 226 2477 ad
243 2458 305 2478 trien-

121 2483 184 2507 nium,
196 2484 227 2504 vet
238 2484 304 2505 minus

122 2511 202 2536 tempus
227 2511 304 2532 iacien-

927 236 1069 261 URBANUS
1090 236 1145 261 vm
1165 237 1213 260 1¹1⁸.

313 288 406 321 etiam
431 286 469 320 ab
493 297 555 320 uno
580 291 698 319 tantum
723 287 819 320 latere
845 285 1048 326 confinantis,

313 340 473 380 hactenus,
495 351 511 373 a
535 340 583 372 die
602 339 691 372 datae
717 338 981 371 ultimodictarum
1004 338 1067 369 lit-=

314 400 462 436 terarum,
488 405 544 438 per
563 403 793 437 queincummie
820 392 969 424 baronem
996 401 1048 423 seu

313 447 514 480 domicellum
540 447 726 488 cuicumque
752 444 841 477 alteri
867 443 975 476 baroni
996 454 1050 475 scu

313 500 489 543 domicello,
504 500 677 540 civitatem,
702 497 868 541 oppidum,
894 501 1049 536 castrum,

313 564 368 587 seu
384 554 488 587 locum
506 561 739 597 quemeumque
760 550 1049 589 iurisdictionalem,

313 608 418 640 eiusve
438 606 631 640 territorium
648 605 679 637 in
700 604 836 637 confinio
856 603 1052 647 quomodoli-

313 660 365 694 bet
381 661 517 704 positum
534 658 715 703 possidenti,
734 657 960 701 cuiuscumque
980 667 1052 700 qua-

313 715 421 757 litatis,
447 713 649 753 conditionis,
675 717 789 754 status,
815 711 930 755 gradus
950 715 980 743 et
1004 711 1051 743 di-

313 767 447 810 gnitatis,
476 766 568 799 etiam
592 765 838 806 ecclesiastieae,
864 764 956 798 etiam
981 775 1051 808 spe-

313 820 392 860 ciali,
417 824 450 852 ut
472 819 658 863 praefertur,
675 824 705 852 et
729 818 890 851 individua
914 820 989 851 nota
1009 817 1053 850 di-

312 882 401 915 gnae,
418 872 476 916 ipsi
501 872 673 905 alienantes
690 877 720 905 et
736 873 883 914 locantes,
902 883 937 905 ac
958 871 1050 905 etiam

312 926 520 970 acquirentes,
535 932 564 960 et
580 927 790 961 conducentes
803 927 918 960 fuerint
934 931 964 960 et
980 926 1050 969 sint,

312 979 376 1013 sive
401 981 595 1025 simpliciter,
617 981 681 1014 sive
702 992 773 1015 cum
797 980 969 1015 assertione
988 990 1051 1013 non

312 1034 473 1068 existentis
498 1035 731 1076 iurisdictionis,
749 1035 813 1068 sive
833 1045 905 1068 cum
925 1033 1051 1067 iurisdi-

313 1088 424 1121 ctionis
448 1099 543 1132 penes
566 1088 762 1122 venditorem
783 1099 837 1121 seu
864 1088 1051 1121 alienantem

312 1141 487 1175 retentione
507 1152 563 1175 seu
586 1143 807 1184 reservatione,
822 1146 875 1174 aut
888 1141 963 1174 alias
979 1151 1053 1185 quo-

314 1195 486 1228 modolibet
499 1195 604 1235 factas,
619 1195 711 1227 etiam
725 1195 890 1239 hucusque
907 1194 1052 1227 effectum

313 1248 441 1291 plenum
466 1248 601 1290 sortitas,
622 1248 734 1281 ultimo
758 1247 913 1281 dictarum
936 1248 1053 1280 littera-

313 1312 384 1333 rum
409 1300 618 1344 dispositioni,
639 1301 742 1344 quoad
764 1301 940 1334 nullitatem
965 1311 1054 1345 prae-

313 1354 446 1387 fatarum
482 1354 723 1395 alienationum,
757 1354 999 1398 acquisitionum
1024 1359 1054 1388 et

314 1413 532 1441 contractuum
549 1408 719 1451 dumtaxat,
737 1408 930 1441 subiacuisse
943 1413 973 1441 et
986 1408 1054 1441 suh-

314 1462 426 1502 iacere,
451 1466 481 1494 et
505 1462 685 1495 huiusmodi
710 1462 922 1503 alienationes,
947 1462 1054 1505 acqui-

314 1515 442 1548 sitiones
466 1520 497 1548 et
520 1518 697 1549 contractus
728 1515 809 1548 inter
841 1515 974 1548 barones
999 1526 1054 1548 seu

314 1568 507 1609 domicellos,
531 1573 565 1601 ut
589 1569 785 1612 praefertur,
810 1569 900 1609 facta,
926 1573 956 1601 et
980 1569 1052 1601 inde

314 1626 446 1665 sequuta
482 1632 716 1666 quaecumque,
741 1622 847 1663 nulla,
873 1622 1054 1665 nulliusque

314 1675 451 1716 roboris,
476 1681 529 1708 aut
552 1676 704 1708 momenti
727 1675 822 1709 fuisse
847 1681 877 1708 et
902 1686 969 1709 esse
994 1675 1051 1708 de-

315 1730 481 1762 claramus.
618 1724 620 1726 ’
908 1757 915 1762 ,

360 1784 374 1826 ἓ
399 1783 427 1815 7.
453 1784 496 1816 Ac
520 1782 703 1816 tabelliones
723 1788 753 1815 et
778 1782 917 1816 notarios
935 1783 972 1816 de
993 1783 1054 1816 illis

316 1840 454 1878 rogatos,
469 1836 525 1869 sub
542 1836 649 1869 eadem
666 1836 850 1880 privationis
867 1836 1054 1877 officiorum,

318 1889 448 1932 aliisque
473 1893 580 1923 nostro
605 1893 634 1923 et
651 1900 710 1933 pro
735 1895 878 1933 tempore
896 1890 1055 1923 existentis

316 1941 447 1976 Romani
462 1943 620 1976 Pontificis
633 1943 763 1977 arbitrio
777 1943 973 1976 incurrendis
984 1954 1056 1987 poe-

317 1996 375 2037 nis,
389 1997 596 2029 instrumenta
614 2000 643 2030 et
659 1997 830 2040 scripturas
844 1997 981 2040 desuper
994 1997 1055 2029 iam

316 2050 396 2082 sacta
425 2049 516 2083 nobis
549 2054 579 2084 et
614 2060 756 2083 camerae
791 2050 948 2093 praefatae
976 2050 1057 2083 inter

317 2103 476 2146 sexaginta
497 2103 573 2144 dies,
595 2114 611 2136 a
631 2104 681 2136 die
698 2103 915 2147 infrascriptae
932 2104 1057 2148 publica

317 2157 409 2190 tionis
428 2157 640 2201 praesentium
658 2157 896 2200 computandos,
917 2158 1057 2190 revelare

318 2215 347 2243 et
374 2221 446 2244 cum
469 2211 754 2259 effectu'exhibere
779 2211 878 2244 teneri
910 2212 1057 2245 volumus

319 2268 349 2296 et
371 2265 564 2298 mandamus.

363 2317 378 2361 ξ
391 2316 420 2350 8.
433 2318 572 2362 Denique
585 2318 722 2362 singulas
738 2318 858 2351 litteras
871 2318 1056 2362 praedictas,

320 2375 349 2403 et
373 2371 404 2402 in
429 2371 473 2404 eis
493 2375 637 2406 contenta
665 2382 883 2416 quaecumque
899 2399 906 2413 ,
930 2376 993 2404 tam
1019 2371 1057 2404 ad

320 2424 522 2466 venditiones,
538 2425 783 2468 permutationes
796 2429 825 2459 et
842 2435 1057 2469 quascumque

320 2478 522 2511 alienationes
545 2484 575 2511 et
595 2478 766 2513 locationes
790 2479 884 2512 etiam
906 2478 944 2511 ad
961 2479 1057 2511 trien-

319 2531 422 2573 nium,
447 2532 495 2564 vel
519 2533 718 2576 quantumvis
750 2533 854 2565 minus
879 2536 1014 2576 tempus,
1040 2542 1058 2564 a

319 2597 519 2630 quocumque
532 2586 625 2619 etiam
638 2597 701 2620 non
712 2587 830 2620 barone
841 2586 878 2619 de
893 2586 1057 2627 casalibus,

319 2640 434 2675 tenutis
449 2650 504 2675 seu
519 2640 655 2686 praediis
667 2650 731 2675 non
744 2639 1056 2683 iurisdietionalibus,

1721 225 1784 257 Mt)
1830 233 1879 260 An.
1901 233 1928 260 C.
1952 234 2017 261 1627

1083 296 1161 327 quae
1186 284 1216 316 in
1242 282 1427 322 confinibus,
1453 282 1544 315 etiam
1564 281 1601 314 ab
1620 291 1681 313 uno
1700 287 1819 314 tantuin

1083 338 1178 371 latere
1203 337 1333 369 alieuius
1359 336 1501 377 civitatis,
1519 335 1623 375 castri,
1646 334 1753 378 oppidi
1775 335 1818 366 vel

1084 391 1142 423 ioci
1181 390 1456 430 iurisdictionalis,
1489 390 1534 421 vel
1571 389 1637 421 eius
1670 388 1819 421 territorii

1084 443 1264 483 consistant,
1281 444 1319 476 de
1337 448 1441 476 cetero
1459 443 1576 475 directe
1595 443 1639 475 vel
1660 442 1821 482 indirecte,

1084 496 1218 529 mediate
1242 496 1288 529 vel
1316 496 1504 537 iunuwliatc,
1530 508 1564 529 :ic
1589 495 1663 528 alifis
1689 505 1823 539 quomo-

1084 549 1201 582 dolibet
1218 549 1309 582 alicui
1324 549 1444 592 baroni,
1458 554 1491 583 ut
1504 550 1689 593 praefertur,
1703 548 1823 593 iurisdi-

1084 603 1219 636 ctionem
1237 613 1291 635 seu
1308 603 1390 636 bona
1409 603 1437 635 in
1456 603 1591 636 continio
1612 602 1792 646 possidenti,

1129 656 1143 700 ἓ
1168 656 1196 688 9.
1222 657 1265 689 Ac
1290 656 1383 689 etiam
1400 656 1438 688 ad
1456 667 1670 699 quascumque
1696 656 1823 688 locatio-
1865 668 2023 698 §jornandi-³-

1084 719 1139 742 nes
1153 709 1309 743 bonorum
1328 720 1604 753 quorumcumque
1625 709 1654 741 in
1672 709 1757 741 Statu
1772 719 1824 741 no-
1839 698 1934 741 ’”.“,“,’,’.””ἶ’,ἶ

1085 767 1149 797 stro
1167 763 1394 804 Ecclesiastico,
1410 763 1440 794 in
1455 762 1591 795 confinio
1605 767 1708 794 tamen
1725 761 1825 794 domi-

1084 816 1127 849 nii
1153 816 1289 849 cuiusvis
1314 815 1464 859 principis
1487 814 1585 848 exteri
1617 814 1710 847 etiam
1734 813 1823 847 nobis

1085 870 1219 903 mediate
1242 869 1290 902 vel
1316 869 1493 901 immediate
1524 867 1656 901 subiecti
1689 867 1824 900 existen-
1840 886 1871 914 M}

1084 924 1173 966 tium,
1189 923 1287 957 cuivis
1312 923 1404 957 etiam
1423 933 1485 956 non
1509 921 1629 962 baroni,
1651 921 1702 965 qui
1720 926 1824 953 tamen
1849 915 1870 952 ’ἔξ
1919 941 1922 951 .
1943 939 1995 958 01⁴

1084 982 1190 1010 noster
1215 976 1357 1010 subditus
1381 986 1444 1009 non
1461 975 1508 1017 sit,
1527 975 1575 1007 vel
1597 984 1664 1007 esse
1689 973 1826 1017 quando-

1085 1041 1220 1074 cumque
1244 1029 1371 1063 desierit
1392 1028 1455 1072 (ut¹
1476 1039 1513 1061 eo
1537 1028 1606 1071 ipso
1627 1027 1697 1060 illae
1721 1027 1825 1060 nullae

1085 1083 1146 1116 sint
1170 1088 1200 1116 et
1224 1082 1445 1126 resolvantur),
1466 1081 1639 1121 faeiendas;

1130 1137 1144 1180 ἓ
1169 1136 1220 1169 10.
1246 1137 1344 1175 Quam
1370 1135 1463 1168 etiam
1480 1135 1518 1167 ad
1536 1144 1751 1178 quascumque
1771 1133 1826 1166 im-
1864 1146 2024 1176 ,maimani-

1085 1190 1267 1234 positiones,
1292 1189 1496 1230 venditiones,
1522 1188 1690 1228 cessiones,
1715 1173 2026 1221 aliena-tsslttssssjfllfflfistsst‘.

1087 1244 1186 1278 tiones
1206 1253 1359 1276 censuum
1372 1252 1559 1284 annuorum,
1578 1242 1661 1274 iuxta
1679 1241 1825 1274 constitu·
1840 1232 1865 1272 {2¹1⁹
1869 1232 2026 1288 sstssssiitsstss}

1086 1298 1203 1331 tionem
1218 1308 1275 1341 per
1292 1297 1361 1341 piae
1374 1296 1547 1329 memoriae
1566 1296 1654 1329 Pium
1674 1296 1788 1339 Papam
1802 1295 1825 1327 V
1841 1285 2026 1341 iissffliiisst'i‘l‘snsf'tffi

1087 1350 1179 1384 etiam
1195 1350 1473 1394 praedecessorem
1481 1354 1625 1382 nostrum
1634 1348 1671 1381 de
1682 1348 1825 1381 creandis
1841 1334 2026 1380 ffssssss'lnfrissss‘l'vfiu‘

1087 1404 1233 1437 censibus
1257 1403 1370 1437 editam
1391 1413 1486 1446 super
1510 1402 1677 1446 praedictis
1695 1401 1825 1435 civitati-

1087 1458 1155 1497 bus,
1181 1458 1307 1499 castris‚
1332 1457 1474 1501 oppidis,
1499 1457 1615 1490 locisve
1640 1456 1827 1489 iurisdietio-

1086 1511 1222 1551 nalibus,
1247 1511 1380 1555 aliisque
1404 1511 1494 1543 bonis
1518 1521 1581 1543 nou
1600 1510 1827 1543 iurisdictiona-

1087 1564 1180 1604 libus,
1200 1563 1232 1596 in
1249 1563 1385 1596 confinio
1405 1563 1536 1596 alicuius
1561 1563 1704 1603 civitatis,
1722 1563 1826 1603 castri,

1087 1617 1195 1660 oppidi
1220 1627 1275 1649 seu
1300 1617 1360 1649 loci
1385 1616 1651 1656 iurisdictionalis,
1680 1621 1714 1649 ut
1737 1626 1828 1660 prae-

1087 1671 1196 1711 fertur,
1214 1669 1318 1702 eiusve
1336 1669 1497 1709 territorii,
1516 1669 1610 1701 etiam
1627 1669 1665 1701 ab
1684 1679 1746 1702 uno
1766 1674 1829 1701 tan-

1088 1728 1153 1756 tuin
1177 1723 1275 1756 latere
1300 1722 1502 1762 consulantis,
1527 1722 1747 1763 existentibus,
1772 1733 1829 1766 per

1088 1787 1305 1820 quoscumque
1329 1777 1464 1809 barones
1490 1786 1545 1808 seu
1570 1776 1773 1816 domicellos,
1799 1781 1829 1808 et

1088 1830 1165 1863 alios
1193 1840 1428 1874 quoscumque,
1455 1829 1547 1863 etiam
1569 1829 1827 1872 communitates,

1088 1884 1307 1917 universitates
1332 1888 1362 1917 et
1385 1893 1585 1927 quorumque
1615 1884 1826 1917 monasterio-

1089 1948 1170 1980 rum,
1192 1937 1405 1978 eeclesiarum,
1431 1937 1659 1970 beneficiorum
1686 1937 1831 1970 eeclesia-

1089 1988 1239 2024 sticoriim
1257 1996 1287 2023 et
1306 1991 1439 2024 aliorum
1465 1991 1592 2034 piorum
1617 1991 1759 2024 locorum
1778 2001 1828 2023 su-

1089 2044 1231 2088 periores
1256 2049 1286 2077 et
1311 2049 1491 2085 conventus,
1509 2044 1655 2088 capitula,
1678 2050 1829 2084 rectores,

1089 2098 1291 2132 beneficiatos
1315 2103 1345 2131 et
1369 2098 1597 2141 gubernatores
1623 2108 1677 2130 seu
1698 2097 1828 2129 admini-

1091 2157 1241 2185 stratores
1264 2152 1438 2195 respective
1456 2152 1642 2183 infuturum
1667 2152 1829 2194 imponen-

1090 2206 1213 2249 dorum,
1239 2216 1283 2248 ac,
1312 2209 1373 2239 tam
1390 2205 1493 2249 quoad
1514 2205 1593 2245 illos,
1620 2216 1714 2248 quam
1736 2205 1829 2238 etiam

1091 2260 1194 2305 quoad
1211 2265 1301 2293 antea
1318 2260 1379 2292 iam
1394 2260 1566 2303 impositos,
1582 2259 1827 2302 vendendorum,

1091 2316 1303 2350 cedendorum
1337 2327 1391 2349 seu
1422 2315 1658 2348 alienandorum
1683 2315 1721 2347 ad
1746 2315 1830 2348 favo-

1091 2380 1157 2403 rem
1183 2370 1408 2413 cuiuscumque
1441 2369 1497 2412 (ita
1522 2369 1606 2412 quod
1634 2369 1754 2401 nullum
1781 2368 1829 2400 ius

1092 2423 1293 2468 praelationis
1314 2424 1345 2455 in
1370 2422 1508 2456 emendis
1529 2422 1677 2466 praefatis
1702 2421 1830 2455 civitati-

1091 2478 1159 2518 bus,
1184 2477 1303 2518 castris,
1325 2476 1458 2520 oppidis,
1473 2481 1525 2509 aut
1541 2476 1618 2509 loeis
1643 2476 1830 2509 iurisdictio-

1090 2532 1222 2573 nalibus,
1243 2532 1307 2564 sive
1326 2541 1388 2564 non
1407 2529 1715 2571 iurisdictionalibus,
1740 2540 1829 2574 prae-

1128 2604 1138 2630 1
1156 2603 1265 2638 Signum
1280 2586 1406 2638 parenth.
1430 2605 1456 2630 et
1477 2600 1570 2637 partic.
1589 2604 1620 2630 ut
1639 2609 1687 2630 nos
1707 2601 1830 2629 addimus

1090 2649 1128 2684 (n.
1148 2648 1196 2682 1.).
