2269 3235
158 239 213 266 An.
227 238 254 267 C.
274 239 342 267 1626

963 243 1106 267 URBANUS
1130 243 1186 268 VIII
1210 243 1258 268 PP.

353 297 426 321 suos
451 292 481 320 et
509 297 583 321 suae
607 298 734 322 mensae
764 289 944 323 huiusmodi
970 302 1044 323 usus
1064 296 1094 323 et

352 340 519 375 utilitatem
536 347 730 383 convertere,
748 342 883 376 cuiusvis
900 343 1025 375 lieentia
1043 343 1094 375 de-

352 404 447 439 super
464 394 593 428 minime
610 395 774 440 requisita:
794 396 829 430 Et
845 396 976 429 ulterius
991 396 1092 429 eidem

353 458 479 482 mensae
496 449 632 493 iprensi,
649 460 707 493 pro
735 450 791 482 sua
815 449 896 489 dote,
914 449 1092 482 huiusmodi

352 502 434 535 bona
458 508 488 535 et
510 508 681 547 proventus
700 503 797 535 trium
815 512 851 535 ex
869 503 1006 546 quinque
1025 513 1094 546 sup—

352 555 471 599 pressis
502 555 735 589 canonicatibus
765 560 795 588 ct
824 556 1012 599 praebendis
1043 566 1092 588 cc-

353 608 465 642 clesiae
482 608 666 642 Morinensis
678 607 870 649 huiusmodi,
887 619 923 642 ac
940 609 988 642 ius
1004 619 1094 652 prae-

352 661 473 696 bendae
498 660 667 694 insulensis
690 666 897 705 nuncupatae,
918 662 956 694 ad
977 662 1094 706 episco—

351 726 427 760 pum
443 715 651 749 Morinensem
674 725 733 758 pro
749 719 891 758 tempore
909 716 1092 749 existentem

351 768 523 813 pertinens,
546 767 604 800 sub
625 767 716 800 dictis
746 768 978 802 conditionibus
1005 780 1092 802 com-

350 822 549 866 prehensa¹‚
577 831 713 864 quorum
745 820 873 854 insimul
904 822 1090 866 septingen-

350 880 456 909 torum
473 880 503 908 et
519 874 756 919 quinquaginta,
773 886 809 908 ac
825 875 970 909 similiter
987 877 1092 909 omnia

350 933 381 961 et
400 929 523 972 singula
542 928 625 962 bona
644 939 831 973 suppressae
855 930 1091 974 praepositurae

350 983 500 1016 ecciesiae
531 983 718 1024 Furnensis,
743 994 779 1016 ac
809 988 853 1016 tot
877 994 914 1016 ex
946 985 1039 1018 bonis
1062 990 1092 1018 et

349 1037 555 1081 proventibus
582 1037 763 1071 monasterii
781 1048 836 1070 seu
852 1038 1090 1082 praepositurae

350 1091 378 1125 S.
393 1091 516 1124 Martini
533 1090 725 1132 huiusmodi,
742 1102 822 1135 quae
835 1093 897 1124 uua
911 1102 982 1124 cum
999 1092 1091 1125 bonis

349 1154 535 1189 suppressae
557 1144 797 1188 praepositurae
829 1144 980 1177 ecclesiae
1005 1145 1095 1191 Fur-,¹

348 1198 453 1232 nensis
477 1198 657 1231 huiusmodi
682 1198 820 1231 valorem
845 1208 984 1231 annuum
1005 1199 1089 1232 mille

348 1252 547 1295 constituant,
562 1257 592 1285 et
605 1252 744 1285 valorem
757 1262 896 1285 annuum
910 1253 1006 1285 trium
1024 1254 1090 1285 mil-

347 1305 425 1339 lium
438 1305 623 1339 ducatorum
637 1298 786 1338 similiuiu
803 1316 861 1349 pro
875 1305 946 1338 dote
963 1316 1088 1339 mensae

346 1358 533 1402 episcopalis
562 1357 700 1402 iprensis
725 1358 906 1391 huiusmodi
930 1360 992 1391 una
1017 1370 1089 1392 cum

346 1411 515 1456 praedictis
539 1411 756 1456 complebunt,
784 1422 906 1446 necnon
931 1413 1088 1457 archipre-

346 1466 528 1511 sbyteratui,
537 1466 808 1511 poenitentiariae‚
819 1467 987 1510 cantoriae,
1001 1468 1089 1501 scho-

346 1520 472 1553 lastriae
497 1525 527 1553 et
551 1520 765 1554 thesaurariae
797 1521 942 1554 similiter
971 1521 1088 1554 medie-

346 1579 444 1607 tatem
461 1574 569 1618 aequis
592 1574 792 1618 portionibus
817 1575 1015 1608 dividendam
1035 1575 1088 1609 bo-

345 1638 462 1662 norum
486 1632 515 1663 et
538 1634 749 1672 proventuum
773 1629 943 1670 cantoriae,
968 1629 1088 1663 schola-

345 1681 440 1715 striae
457 1685 487 1716 et
504 1681 717 1715 thesaurariae
737 1692 979 1726 suppressarum
1000 1693 1087 1726 prae-

345 1735 509 1776 dictarum,
520 1746 555 1768 ac
567 1735 699 1778 singulis
710 1735 876 1769 duodecim
887 1736 1085 1780 praebendis,

346 1794 380 1822 ut
409 1789 605 1833 praefertur,
632 1789 743 1823 erectis
766 1789 954 1833 praedictis,
980 1795 1025 1823 tot
1049 1801 1086 1824 ex

346 1842 476 1886 reliquis
492 1842 675 1876 monasterii
692 1853 747 1876 seu
763 1843 1002 1887 praepositurae
1021 1854 1087 1877 san-

347 1896 388 1930 cti
411 1896 535 1930 Martini
558 1896 764 1940 proventibus
788 1897 985 1939 huiusmodi,
1010 1902 1086 1942 quot

346 1961 404 1995 pro
424 1951 613 1995 competenti
637 1950 709 1984 dote
734 1950 861 1984 illorum
886 1952 924 1985 ad
945 1952 1087 1996 aequiva-

345 2004 473 2037 lentiam
503 2009 713 2049 proventuum
747 2005 881 2038 aliorum
914 2005 1082 2039 canonica-

345 2063 435 2091 tuum
451 2064 482 2091 et
504 2058 757 2102 praebendarum
777 2059 927 2092 ecclesiae
949 2060 1085 2103 iprensis

346 2112 527 2146 huiusmodi
541 2123 620 2157 opus
636 2112 740 2154 suerit,
759 2118 831 2157 post
847 2113 967 2147 obitum
983 2118 1085 2147 tamen

345 2166 568 2210 religiosorum
593 2166 743 2209 eiusdem,
763 2177 817 2200 seu
838 2174 1005 2211 postquam
1024 2168 1085 2201 illis

347 2220 471 2254 aliunde
482 2221 644 2265 provisum
659 2221 805 2262 extiterit,
823 2222 941 2254 eisdem
958 2222 1083 2256 interim

348 2273 406 2306 sub
424 2275 500 2306 cura
519 2274 628 2308 decani
648 2274 798 2308 ecclesiae
823 2275 959 2319 iprensis
980 2276 1084 2310 huius-

348 2326 433 2358 modi
457 2328 708 2368 remanentibus;
733 2334 897 2372 praeterea
921 2329 1083 2363 decanatui

348 2379 546 2413 medietatem
564 2387 775 2424 proventuum
796 2382 965 2416 decanatus
986 2384 1084 2417 eccle-

348 2433 412 2466 siae
436 2433 619 2467 Morinensis
646 2435 790 2469 similiter
814 2447 873 2480 pro
897 2442 985 2480 parte
1009 2437 1083 2471 dieti

348 2487 433 2531 regis
457 2488 655 2530 relictorum,
680 2500 715 2523 ac
738 2491 949 2534 praebendam
975 2497 1004 2524 et
1028 2492 1084 2525 do-

347 2552 434 2575 mum
457 2552 514 2586 per
538 2542 690 2576 decanum
714 2544 896 2579 monasterii
914 2545 943 2578 S.
961 2545 1084 2578 Martini

383 2613 394 2639 1
411 2612 481 2640 Edit.
503 2613 587 2641 Main.
611 2614 639 2642 h.
661 2617 906 2651 comprehensam,
921 2616 939 2644 f.
957 2624 1085 2652 compre-

346 2658 468 2685 hensum
482 2660 519 2690 (R.
535 2660 583 2692 T.).

448 2711 526 2740 Ball.
546 2712 627 2741 Rom.
643 2728 677 2733 —
696 2713 755 2741 Vol.
775 2713 857 2742 XIII.
1002 2715 1037 2742 56

1773 235 1832 267 filil

1126 291 1277 334 praedicti
1290 291 1399 325 haberi
1414 297 1443 324 et
1460 291 1613 335 possideri
1628 291 1742 333 solitas,
1757 297 1787 325 et
1805 297 1865 325 tam

1127 345 1170 377 illi
1200 356 1293 389 quam
1324 345 1590 379 archidiaconatui
1623 345 1785 379 flandriae
1812 346 1867 378 iiu-

1127 398 1261 432 iusiuodi
1294 410 1406 439 unam,
1432 399 1749 443 archipresbyteratui
1775 410 1864 440 vero,

1126 451 1393 493 poenitentiarum,
1419 452 1586 491 cantoriae,
1612 451 1816 485 scholastriae
1837 457 1867 483 et

1127 503 1339 537 thesaurariae
1363 506 1509 548 praefatis
1534 507 1576 538 sii:
1602 507 1714 539 erectis
1735 517 1770 539 ae
1799 517 1866 549 gra-

1127 556 1228 589 duatis
1259 557 1466 602 infrascriptis
1497 559 1615 592 affectis
1639 570 1750 593 noveni
1777 570 1866 593 cano-

1126 610 1282 643 nicatibus
1306 614 1335 645 et
1359 621 1471 644 novem
1502 613 1687 655 praebendis
1715 614 1865 646 ccclesiae

1126 663 1263 707 lprensis
1288 664 1468 698 huiusmodi
1493 666 1647 709 reliquam
1666 667 1864 700 medietatem

1126 716 1283 751 bonorum
1301 723 1331 751 et
1348 724 1557 762 proventuum
1577 720 1771 763 reliquorum
1792 721 1865 755 duo-

1126 781 1196 803 rum
1222 772 1461 805 canonicatuum
1480 777 1510 805 et
1526 773 1777 816 praebendarum
1795 785 1866 818 sup-

1125 834 1307 867 pressorum
1326 825 1560 869 praedictorum
1576 825 1720 858 similiter
1733 837 1768 859 ex
1783 837 1866 860 nunc

1126 882 1221 921 prout
1241 889 1276 911 ex
1302 882 1384 921 tunc,
1406 884 1436 911 et
1457 890 1473 911 e
1498 884 1618 919 contra,
1636 890 1695 923 pro
1712 879 1794 912 dotis
1814 891 1865 914 no-

1125 931 1220 973 mine,
1244 938 1396 976 perpetuo
1417 933 1611 977 applicamus
1632 938 1661 966 et
1684 934 1866 977 appropria-

1125 995 1212 1018 mus:
1244 987 1372 1019 Necnon
1404 987 1552 1031 episeopo
1584 988 1706 1031 iprensi
1735 987 1865 1021 domum

1125 1040 1307 1073 monasterii
1319 1050 1374 1073 seu
1386 1041 1622 1085 praepositurae
1635 1042 1663 1075 S.
1677 1042 1799 1074 Martini
1811 1042 1865 1075 liu-

1124 1091 1269 1133 iusmodi,
1280 1104 1351 1126 cum
1366 1094 1466 1127 hortis
1478 1099 1507 1127 et
1520 1094 1717 1138 pertinentiis
1730 1095 1794 1128 suis
1808 1096 1865 1128 cir-

1123 1147 1361 1189 cumstantibus,
1379 1158 1437 1191 pro
1455 1149 1510 1181 sua
1528 1149 1728 1190 habitatione,
1743 1159 1779 1182 ac
1795 1149 1863 1182 illas

1122 1199 1205 1243 ipsas
1221 1200 1316 1244 quas¹
1330 1201 1498 1245 episcopus
1511 1201 1695 1235 Morinensis
1713 1213 1771 1247 pro
1790 1207 1864 1236 tem-

1121 1263 1200 1296 pore
1224 1254 1358 1288 existens
1376 1254 1406 1287 in
1424 1255 1542 1288 eisdem
1565 1256 1744 1299 iprensibus
1767 1257 1864 1289 ecele-

1122 1306 1178 1347 sia,
1196 1307 1319 1341 civitate
1336 1314 1365 1341 et
1382 1308 1527 1349 dioecesi,
1544 1315 1639 1353 prout
1661 1310 1719 1342 sibi
1743 1321 1800 1354 per
1816 1311 1863 1343 di-

1122 1360 1257 1394 visiones
1280 1361 1463 1395 huiusmodi
1490 1363 1659 1406 contingit,
1681 1368 1711 1396 et.
1734 1363 1863 1407 insuper

1121 1425 1198 1458 quas
1214 1415 1311 1448 abbas
1327 1426 1382 1448 seu
1398 1416 1595 1460 praepositus
1612 1418 1640 1450 S.
1659 1417 1782 1450 Martini
1800 1429 1863 1451 mo-

1121 1468 1258 1509 nasterii,
1277 1479 1331 1501 seu
1350 1470 1599 1513 praepositurae,
1617 1475 1647 1503 et
1665 1471 1862 1514 praepositus

1121 1522 1272 1555 ecclesiae
1296 1522 1466 1556 Furnensis
1491 1523 1671 1557 huiusmodi
1697 1524 1771 1557 olim
1789 1536 1863 1568 quo-

1121 1575 1294 1609 modolibet
1317 1576 1487 1619 habebant,
1513 1577 1722 1620 collationem⁷
1749 1580 1859 1622 provi-

1121 1629 1252 1669 sionem,
1277 1631 1572 1674 praesentationem,
1597 1631 1794 1672 electioncm,
1819 1632 1863 1664 in-

1121 1682 1335 1725 stitutionem,
1372 1683 1663 1727 confirniationem,
1695 1689 1725 1719 et
1753 1697 1863 1729 quam-

1121 1746 1258 1780 cumque
1282 1737 1375 1770 aliam
1403 1737 1642 1782 dispositionem
1667 1739 1809 1771 omnium
1834 1744 1863 1773 et

1121 1790 1319 1833 singulorum
1344 1791 1553 1835 prioratuum,
1574 1792 1772 1835 dignitatum,
1792 1805 1865 1837 per-

1121 1849 1287 1877 sonatuum
1310 1844 1463 1889 (exeeptis
1487 1845 1694 1889 infrascriptis
1718 1846 1861 1890 affectis),

1120 1898 1360 1931 canonicatuum
1385 1904 1413 1931 et
1439 1899 1707 1943 praebendarum,
1733 1900 1863 1933 admini-

1120 1952 1307 1986 strationum
1325 1957 1355 1986 et
1379 1952 1567 1994 officiorum,
1592 1953 1791 1997 aliorumque
1808 1955 1862 1988 be-

1119 2005 1306 2039 neficiorum
1331 2006 1627 2047 ecclesiasticorum,
1645 2018 1717 2040 cum
1739 2009 1813 2040 cura
1832 2014 1862 2041 et

1120 2060 1185 2093 sine
1203 2061 1290 2101 cura,
1316 2060 1507 2093 secularium
1523 2070 1559 2093 ae
1576 2061 1811 2104 praedictorum
1833 2068 1861 2095 et

1119 2114 1303 2158 quorumvis
1328 2113 1461 2146 aliorum
1479 2113 1631 2147 Ordinum
1656 2115 1859 2158 regularium,

1119 2179 1176 2212 per
1200 2179 1272 2201 eum
1304 2173 1334 2203 et
1363 2169 1486 2202 futuros
1510 2170 1671 2212 praesules
1696 2170 1860 2213 iprenses,

1119 2222 1166 2254 vel
1191 2222 1287 2254 alium
1305 2232 1360 2255 seu
1383 2222 1461 2254 alios
1486 2233 1596 2255 eorum
1620 2223 1811 2264 nominibus,
1829 2223 1862 2256 li-

1119 2276 1195 2309 bere
1216 2276 1390 2316 faciendas,
1416 2276 1508 2308 etiam
1533 2281 1688 2319 perpetuo
1712 2287 1857 2309 reserva-

1119 2341 1205 2371 mus,
1237 2330 1439 2364 concedimus
1463 2334 1493 2364 et
1516 2330 1730 2373 assignamus:
1757 2331 1809 2371 Et,
1827 2336 1860 2364 ut

1118 2385 1184 2428 ipse
1215 2384 1381 2428 episcopus
1408 2383 1546 2428 iprensis
1575 2394 1663 2417 suam
1695 2385 1860 2418 ecclesiam

1117 2439 1261 2482 personis
1272 2437 1412 2477 eruditis,
1427 2443 1456 2470 et
1468 2438 1507 2470 ad
1522 2437 1768 2471 iurisdictionem
1784 2439 1859 2472 inibi

1118 2491 1334 2533 exercendam,
1360 2496 1525 2534 ceteraque
1550 2502 1681 2524 munera
1707 2493 1856 2525 ecclesia-

1117 2545 1194 2578 stica
1218 2544 1361 2578 obeimda
1385 2544 1515 2585 idoneis,
1533 2545 1638 2578 debite
1662 2545 1857 2588 instructam,

1118 2600 1294 2643 iugiterque
1308 2599 1487 2632 decoratam
1501 2598 1623 2639 habeat,
1635 2599 1779 2633 similiter
1791 2611 1859 2645 per-

1153 2664 1164 2689 1
1181 2661 1278 2689 Vocem
1293 2670 1364 2697 quas
1378 2669 1427 2689 nos
1442 2661 1565 2690 addimus
1579 2662 1618 2698 (a.
1635 2663 1682 2698 r).

1885 244 1936 273 An.
1952 245 1980 273 C.
1999 244 2066 274 1626
