2269 3235
232 280 281 308 An.
303 279 330 305 c.
354 278 421 306 1625
466 268 531 303 284

308 1031 346 1055 Qui
362 1031 418 1052 illam

234 1059 346 1085 praefectis
388 1058 419 1078 di-

235 1088 281 1106 ctae
324 1084 417 1105 fabricae

234 1113 317 1132 solvere
346 1113 418 1132 tenea—

278 2412 367 2443 Dnrogat
377 2419 426 2434 ron—

251 2445 319 2460 Γ-ἊΙΊΙΒ.

432 332 497 360 tum
524 325 657 359 millium
683 326 868 358 ducatorum
895 324 1093 364 huiusmodi,
1118 335 1172 358 seu

431 380 532 413 dictae
557 390 697 413 summae
722 377 893 418 residuum,
918 377 1029 410 debitis
1055 383 1174 422 tempo-

432 433 518 466 ribus
542 444 558 465 a
583 432 752 476 piacdictis
778 431 999 470 thesaurariis,
1025 441 1080 463 seu
1103 431 1173 464 aliis

431 486 574 529 personis
600 485 746 528 pecunias
779 484 952 528 praedictas
977 485 1098 518 solvere
1123 485 1174 518 de-

431 538 585 579 bentibus,
603 548 659 581 per
676 536 737 578 se¹‚
757 538 804 569 vel
820 537 927 579 alium,
947 548 1001 570 scu
1016 538 1093 570 alios
1114 538 1173 571 loci

432 592 485 631 tui,
506 592 649 635 periculo
666 596 771 624 tamen
789 602 855 633 suo,
877 591 1050 635 deputatos,
1071 597 1174 635 peten-

432 643 517 685 dum,
534 644 735 688 exigendum,
753 645 919 678 levandum
938 650 967 678 et
985 655 1173 689 recuperan-

432 697 518 739 dum,
539 702 569 730 et
593 698 630 731 de
656 698 782 737 exactis,
802 698 910 731 levatis
927 703 957 731 et
981 698 1174 742 recuperatis

432 751 636 793 quietandum
655 757 685 784 et
708 752 948 792 absolvendum,
974 756 1116 784 nostrum
1144 756 1174 783 et

431 804 609 847 praedictae
629 805 765 838 fabricae
789 810 1030 849 procuratorem
1048 809 1078 837 et
1093 815 1175 837 com-

433 858 624 899 missarium,
649 859 833 892 auctoritate
858 858 1038 902 apostolica,
1067 863 1174 891 tenore

434 913 658 955 praesentium,
683 913 824 953 facimus,
843 912 1062 946 constituimus
1079 917 1109 944 et
1124 911 1175 944 de-

433 970 589 1008 putamus.

478 1020 493 1061 g
517 1018 546 1051 3.
572 1019 716 1051 Volentes
740 1018 823 1061 quod
848 1028 958 1051 omnes
983 1023 1013 1051 et
1036 1018 1175 1061 singulas

433 1070 638 1114 pecuniarum
665 1081 803 1104 summas
828 1082 886 1115 per
902 1076 931 1103 te
951 1082 1009 1115 pro
1033 1077 1175 1114 tempore

434 1124 478 1157 sic
495 1129 628 1165 exactas,
642 1134 677 1156 ac
695 1129 790 1168 prout
806 1125 838 1156 in
854 1124 920 1157 dies
937 1124 1005 1157 illas
1022 1124 1174 1167 exegeris

435 1177 606 1209 venerabili
632 1177 720 1210 fratri
744 1182 853 1210 nostro
877 1177 1045 1210 Francisco
1062 1177 1175 1210 Mariae

434 1230 583 1274 episcopo
608 1230 811 1263 Praenestino
836 1230 874 1263 de
899 1231 1001 1263 Monte
1016 1257 1023 1271 ,
1053 1240 1175 1263 necnon

433 1282 554 1316 dilectis
574 1283 647 1316 filiis
671 1284 787 1317 nostris
808 1283 972 1317 Dominieo
992 1283 1037 1316 Ss.
1058 1283 1176 1316 Duode-

434 1337 497 1369 cim
522 1337 744 1380 Apostolorum
769 1337 948 1382 Gymnasio,
978 1337 1115 1381 Scipioni
1146 1338 1174 1370 S.

432 1389 626 1435 Chrysogoni
652 1391 835 1434 Burghesio,
862 1391 1008 1424 Marcello
1032 1390 1078 1423 Ss.
1103 1391 1176 1430 Qui-

434 1444 490 1477 rici
516 1449 546 1478 et
570 1444 679 1477 Iulitae
698 1445 818 1487 Lantes7
840 1445 965 1489 Aloysio
988 1445 1017 1478 S.
1038 1444 1122 1477 Petri
1139 1444 1176 1477 ad

434 1498 558 1531 vincula
577 1498 747 1542 Capponio,
764 1498 928 1531 Dominico
952 1499 981 1532 S.
1006 1498 1128 1531 Martini
1147 1498 1177 1530 in

435 1552 590 1585 Montibus
608 1553 781 1595 Rivarolae,
801 1554 892 1586 Petro
909 1553 1005 1586 Paulo
1022 1552 1067 1585 Ss.
1085 1552 1177 1585 Nerei

435 1610 465 1638 ct
481 1605 611 1638 Achillei
629 1606 818 1647 Crescentio,
840 1617 876 1639 ac
894 1605 1054 1649 Hippolito
1072 1604 1100 1637 S.
1118 1605 1179 1637 Ma-

436 1659 500 1691 riae
517 1659 621 1692 Novae
635 1659 766 1692 diacono
780 1659 992 1692 cardinalibus
1009 1659 1179 1692 Aldobran-

436 1711 510 1744 dino
523 1713 720 1756 nuncupatis,
735 1713 896 1745 modernis
913 1718 943 1745 et
960 1723 1018 1756 pro
1036 1717 1178 1756 tempore

437 1765 642 1798 existentibus
658 1766 758 1799 dictae
778 1766 914 1799 fabricae
934 1766 1108 1809 praesectis,
1127 1771 1179 1798 aut.

437 1819 498 1860 eui,
515 1820 563 1852 rel
588 1820 702 1863 quibus
727 1820 800 1853 dicti
817 1821 977 1864 praefecti,
996 1831 1049 1853 scu
1068 1831 1177 1853 eorum

438 1873 537 1906 maior
561 1883 634 1917 pars
664 1873 873 1915 ordinaverit,
902 1874 1028 1907 realiter
1053 1880 1080 1907 et
1107 1886 1178 1907 cum

437 1925 550 1958 effectu
574 1927 745 1969 persolvas,
766 1936 801 1959 ac
828 1927 963 1970 persolvi
990 1927 1091 1960 facias.
1117 1928 1179 1960 Nos

438 1979 533 2019 enim,
544 1979 696 2022 quidquid
710 1979 741 2011 in
753 1979 934 2023 praemissis
946 1990 1003 2023 per
1018 1985 1046 2013 te
1063 1985 1178 2020 actum,

438 2031 567 2072 dictum,
586 2037 709 2074 gestum
727 2038 757 2065 et
774 2037 977 2076 procuratum
995 2033 1098 2073 fucrit,
1113 2044 1180 2075 gra-

439 2089 514 2125 tum,
535 2089 639 2117 ratum
665 2090 695 2117 et
718 2085 847 2118 firmum
873 2085 1069 2127 habebimus,
1088 2091 1179 2129 teque

439 2137 476 2170 de
497 2138 582 2171 omni
608 2143 638 2170 et
662 2143 727 2176 toto
756 2149 815 2179 eo,
843 2139 926 2182 quod
954 2140 1120 2183 praefectis
1151 2145 1180 2172 et

439 2190 507 2223 aliis
523 2201 581 2235 pro
599 2197 742 2235 tempore
758 2192 947 2236 persolveris
966 2198 1018 2225 aut
1042 2193 1179 2236 persolvi

440 2243 561 2285 feceris,
579 2245 763 2279 auctoritate
777 2250 806 2278 et
822 2250 930 2279 tenore
946 2245 1125 2289 praedictis,
1143 2256 1180 2278 ex

440 2307 523 2329 nune
535 2303 631 2342 prout
647 2309 684 2331 ex
698 2304 781 2341 tunc,
796 2299 978 2341 liberamus,
992 2300 1179 2345 quictamus,

441 2355 471 2384 et
494 2351 697 2385 absolvimus.

486 2404 501 2448 g
517 2405 546 2438 4.
565 2405 633 2439 Non
648 2406 845 2439 obstantibus
859 2406 1136 2441 constitutionibus
1153 2412 1182 2440 et

443 2458 693 2493 ordinationibus
717 2460 906 2504 apostolicis,
925 2472 960 2494 ac
976 2461 1074 2505 ipsius
1090 2461 1182 2494 sabri-

445 2522 498 2545 cae
519 2513 625 2556 (etiam
646 2513 822 2547 iuramento
843 2514 1083 2548 confirmatione
1107 2525 1182 2558 apo-

444 2566 564 2609 stolica,
579 2572 609 2600 et
634 2568 743 2611 quavis
762 2568 911 2602 firmitate
931 2570 991 2602 alia
1012 2569 1182 2613 roboratis)

445 2620 566 2654 statutis
591 2624 620 2654 et
644 2622 933 2664 consuetudinibus,
951 2623 1043 2656 ctiam
1065 2628 1181 2656 certam

481 2685 491 2709 1
510 2682 610 2711 Forsan
630 2684 774 2720 legendum
790 2693 843 2721 per
859 2688 883 2714 {e
904 2688 941 2722 (a.
959 2687 1007 2721 τ.).

1009 276 1187 301 BULLAan
1211 276 1365 301 ROMANUM

1207 326 1339 357 formam
1367 324 1398 356 in
1424 323 1618 358 confectione
1635 323 1876 367 quietantiarum
1893 335 1942 358 re-

1206 377 1413 421 quirentibus,
1432 376 1605 421 ceterisque
1624 377 1790 411 contrariis
1812 378 1942 422 quibus-

1207 443 1349 476 cumque.

1250 485 1361 518 Datum
1375 485 1501 525 Romae,
1515 484 1597 529 apud
1614 484 1643 519 S.
1661 484 1799 527 Petrum,
1816 484 1874 518 sub
1894 496 1944 518 an-

1206 539 1281 571 nulo
1295 538 1472 579 Piscatori&
1487 538 1537 571 die
1551 548 1617 571 xvn
1631 538 1782 571 februarii
1804 547 1944 579 mcxxv,

1207 593 1406 636 pontificatus
1419 593 1517 625 nostri
1535 603 1617 625 anno
1643 602 1674 625 11.

1243 654 1300 682 Dat.
1318 655 1360 682 die
1378 656 1408 683 17
1426 655 1555 682 februarii
1572 655 1649 690 1625,
1667 654 1760 690 pontif.
1778 663 1847 682 anno
1863 661 1890 682 ιι.

1521 782 1631 815 CXVII.

1208 851 1376 885 Revocatio
1402 853 1589 886 litterarum
1612 853 1717 887 Pauli
1754 853 1796 891 V,
1829 853 1949 897 quibus

1253 909 1402 945 cavetur,
1431 906 1606 949 quominus
1632 906 1783 949 beneficia
1806 907 1949 940 civitatis

1256 957 1468 991 Calaritanae
1498 969 1536 991 επ
1566 958 1747 992 Turrilana
1778 960 1860 993 Urbe
1884 961 1949 993 ori-

1252 1010 1406 1053 9inar2'is,
1434 1016 1462 1044 et
1486 1011 1646 1045 viceversot
1670 1013 1911 1056 conferantur¹.

1412 1091 1547 1118 Urbanus
1568 1091 1647 1125 Papa
1666 1092 1745 1125 VIII,

1333 1135 1371 1164 ad
1388 1138 1565 1170 perpetuam
1580 1135 1624 1164 rei
1643 1136 1824 1165 memoriam.

1254 1206 1413 1239 Romanus
1438 1206 1578 1240 Pontifex
1602 1217 1619 1240 a
1643 1207 1802 1242 Salvatore
1833 1213 1864 1240 et
1890 1207 1951 1240 Do-

1210 1259 1295 1292 mino
1316 1265 1435 1302 nostro,
1453 1260 1506 1303 qui
1528 1260 1663 1293 charitas
1686 1266 1733 1294 est
1756 1266 1787 1294 et
1805 1261 1886 1294 Deus
1902 1271 1952 1305 pa-

1210 1312 1275 1353 cis,
1307 1323 1402 1356 super
1432 1313 1595 1346 universas
1627 1314 1712 1347 orbis
1748 1314 1896 1347 ecclesias
1921 1320 1950 1347 et

1210 1366 1388 1409 provincias
1412 1366 1622 1407 constitutus,
1647 1372 1680 1399 ut
1709 1367 1794 1400 iuxta
1820 1367 1949 1400 verbum

1210 1420 1430 1463 propheticum
1465 1420 1558 1453 noxia
1586 1421 1698 1453 evellat
1728 1426 1758 1454 et
1791 1421 1952 1462 destruat,

1210 1473 1362 1517 utiliaque
1379 1474 1497 1517 plantet
1514 1479 1544 1506 et
1559 1474 1719 1515 aedificet,
1736 1485 1773 1507 ca
1785 1474 1952 1512 interdum,

1211 1537 1291 1569 quae
1316 1526 1409 1560 certis
1440 1526 1534 1560 ctiam
1560 1527 1765 1560 rationalibus
1790 1538 1826 1560 ex
1851 1527 1953 1560 causis

1211 1589 1228 1612 a
1245 1579 1324 1613 Sede
1347 1580 1527 1624 Apostolica
1547 1581 1664 1613 sancita
1681 1586 1762 1622 sunt,
1781 1580 1953 1614 maioribus

1212 1646 1249 1668 ex
1266 1634 1378 1674 causis,
1396 1634 1510 1677 quibus
1525 1634 1711 1678 praesertim
1729 1639 1855 1668 mutuae
1873 1634 1954 1667 inter

1212 1687 1432 1721 christifideles
1464 1687 1628 1727 charitati,
1656 1687 1788 1730 pacique
1817 1692 1847 1720 et
1869 1692 1954 1720 tran-

1212 1740 1357 1784 quillitati
1371 1740 1556 1780 consulitur,
1573 1740 1773 1784 dissidiisque
1786 1745 1816 1773 et
1829 1745 1954 1773 conten-

1212 1793 1350 1826 tionibus
1375 1793 1500 1826 obviam
1525 1793 1598 1834 itur,
1618 1793 1729 1826 alterat
1753 1798 1782 1826 et
1799 1793 1953 1834 immutat,

1212 1848 1244 1880 in
1257 1847 1367 1891 hisque
1381 1847 1600 1880 sollicitudinis
1613 1852 1643 1879 et
1653 1847 1866 1890 providentiae
1881 1858 1955 1880 suae

1212 1901 1350 1934 studium
1376 1900 1567 1944 interponit,
1592 1905 1687 1943 prout
1710 1900 1762 1944 pia
1786 1900 1956 1933 catholico-

1213 1965 1284 1986 rum
1301 1964 1414 1996 regum
1427 1958 1498 1986 vota
1516 1958 1700 1997 exposcunt,
1718 1958 1748 1986 et
1765 1953 1840 1997 ipse,
1858 1954 1956 1987 omni-

1212 2007 1271 2040 bus
1284 2017 1402 2048 rerum⁷
1418 2012 1660 2050 temporumque
1677 2007 1879 2050 qualitatibus
1893 2018 1955 2040 ma-

1213 2062 1284 2092 tura
1309 2059 1560 2093 consideratione
1578 2060 1714 2104 pensatis
1739 2060 1892 2104 conspicit
1910 2071 1956 2093 sa-

1213 2114 1345 2147 lubriter
1361 2114 1393 2146 in
1412 2113 1546 2146 Domino
1571 2113 1728 2157 expedire.

1258 2168 1272 2210 g
1298 2167 1326 2199 1.
1352 2167 1436 2199 Alias
1460 2166 1614 2210 siquidem
1645 2177 1662 2199 a
1686 2166 1785 2200 felicis
1809 2167 1956 2200 recorda-

1213 2220 1306 2253 tionis
1331 2220 1426 2253 Paulo
1451 2220 1534 2263 Papa
1551 2220 1574 2252 V
1590 2219 1833 2263 praedecessore
1847 2225 1956 2253 nostro

1213 2277 1399 2307 emanarunt
1428 2273 1551 2307 litterae
1584 2273 1702 2306 tenoris
1727 2273 1956 2317 subsequentis,

1214 2326 1374 2379 videlicet:

1429 2389 1558 2422 Paulus
1584 2390 1679 2433 Papa
1710 2389 1744 2430 V,

1329 2442 1373 2476 acl
1395 2443 1545 2486 suturam
1571 2443 1620 2476 rei
1642 2444 1844 2477 memoriam.

1261 2514 1306 2547 Ad
1333 2513 1518 2547 universalis
1544 2514 1700 2547 Ecclesiae
1732 2515 1895 2558 regimen,
1915 2514 1958 2547 di-

1216 2567 1287 2601 vina
1319 2569 1503 2612 disponente
1535 2569 1708 2611 clementia7
1735 2569 1852 2612 vocati,
1877 2569 1958 2602 inter

1216 2622 1276 2655 alia
1299 2633 1358 2667 pro
1384 2623 1573 2667 populorum
1599 2623 1704 2657 votiva
1730 2623 1895 2657 dilectione
1915 2622 1958 2655 ni-

1253 2686 1264 2713 1
1288 2685 1323 2713 Ex
1345 2685 1452 2721 Regest.
1473 2686 1499 2713 in
1519 2685 1619 2714 Secret.
1641 2686 1718 2714 Brev.

1955 275 2005 304 Ᾱη.
2020 276 2050 304 C.
2072 276 2141 304 1625

1992 1217 2132 1238 Prooemium.

2011 2175 2155 2195 Recensentur

1971 2202 2030 2223 Pauli
2046 2203 2136 2224 litterae.
