2269 3235
120 248 169 275 An.
191 247 220 274 C.
238 246 305 273 1626

148 309 258 329 Contraria
267 308 305 328 tol·

119 336 197 357 luntur.

102 2080 104 2082 ·
156 2071 296 2093 Prooemium.

943 244 1084 269 URBANUS
1110 244 1166 268 vm
1190 244 1237 268 PP.

364 293 378 336 ᾖ
403 292 432 325 6.
458 292 525 325 Non
556 292 753 326 obstantibus
784 292 1059 325 constitutionibus

319 350 350 379 et
369 345 619 379 ordinationibus
644 345 834 390 apostolicis,
853 350 883 378 ct
898 344 1059 388 quibusvis

320 399 426 442 (ctiam
457 400 645 441 iuramento,
671 398 909 433 confirmatione
933 403 1059 442 aposto-

321 452 390 494 lica,
401 453 447 486 vel
462 454 571 498 quavis
584 453 733 487 firmitate
745 452 806 486 alia
820 452 991 495 roboratis)
1003 457 1060 484 sta⁴

320 507 393 540 tutis
402 512 431 540 et
441 507 728 550 consuctudinibus,
738 505 911 550 privilegiis
924 515 1060 548 quoquc,

321 559 448 592 indultis
462 565 492 592 et
505 560 617 593 litteris
631 559 809 603 apostolicis
823 558 853 590 in
867 558 1061 591 contrarium

320 613 566 656 praemissorum
608 611 844 656 quomodolibet
880 611 1037 645 concessis
1053 639 1060 652 ,

321 668 513 701 confirmatis
539 673 569 700 et
592 667 756 701 innovatis.
776 666 896 706 Quibus
914 666 1061 699 omnibus

321 725 351 753 et
375 721 515 764 singulis,
541 721 668 754 illorum
693 723 818 754 tenores
845 719 1062 763 praesentibus

320 784 378 817 pro
402 774 557 818 expressis
590 784 625 807 ac
657 773 696 806 de
726 773 823 806 verbo
855 773 894 806 ad
930 772 1060 806 verbum

321 827 446 860 insertis
470 827 631 868 habentes,
650 827 711 859 illis
727 826 802 859 alias
822 826 854 858 in
870 836 926 859 suo
946 826 1062 859 robore

320 880 636 925 permansuriffihac
660 880 728 913 vice
758 880 918 912 dumtaxat
946 878 1064 923 specia-

320 933 390 967 liter
415 939 445 967 et
469 944 615 979 expresse
647 934 855 977 derogamus,
889 933 1063 977 ceterisque

321 987 488 1021 contrariis
512 987 774 1031 quibuscumque.

364 1041 477 1074 Datum
501 1042 634 1082 Romae,
658 1041 742 1085 apud
766 1042 795 1074 S.
821 1041 949 1074 Mariam
974 1040 1064 1074 Maio-

321 1105 400 1136 rem,
425 1095 482 1128 sub
513 1096 629 1129 annulo
654 1095 833 1135 piscatoris,
859 1095 909 1128 die
930 1104 961 1127 tx
989 1094 1063 1128 maii

322 1158 473 1191 uncxxvt,
498 1149 698 1193 pontificatus
714 1149 814 1182 nostri
839 1159 920 1182 anno
940 1158 984 1181 ιιι.

358 1211 415 1239 Dat.
433 1211 477 1239 die
493 1211 509 1238 9
525 1211 587 1239 maii
605 1211 682 1244 1626,
703 1211 797 1247 pontif.
815 1219 884 1238 anno
900 1217 938 1237 ιιι.

632 1336 752 1387 dxciv.

322 1435 478 1468 Facultas
502 1435 574 1479 reqz'
602 1434 759 1467 catholico
792 1432 991 1466 nominandi
1015 1433 1066 1466 ia-

367 1489 451 1523 dices
487 1489 530 1522 ad
565 1488 798 1532 coquoscemtas
834 1498 948 1521 causas
980 1488 1067 1520 inter

367 1544 644 1587 archiepiscopum
659 1542 860 1576 Elborensem
880 1547 908 1575 et
925 1542 1065 1574 militias

367 1597 398 1630 S.
423 1596 535 1630 Iacobi
559 1600 588 1629 et
611 1596 642 1629 S.
660 1595 830 1628 Benedicti
846 1594 884 1627 cle
907 1595 987 1628 Avis
1003 1604 1068 1627 ver-

370 1654 485 1691 tentes,
510 1650 575 1693 ipsi
598 1653 708 1682 autem
739 1648 980 1692 archiepiscopo
1006 1652 1067 1681 tres

368 1713 406 1735 ex
429 1703 610 1736 nominatis
629 1702 794 1735 iudicibus
818 1699 1015 1734 recusandi&

409 1782 590 1811 charissimo
610 1782 641 1810 in
662 1782 778 1809 Christo
794 1781 855 1809 filio
871 1783 986 1815 nostro,

325 1829 527 1864 PortugaIliae
543 1831 575 1856 et
594 1827 800 1863 Alqarhiorum
819 1827 885 1862 regi
905 1825 1066 1859 catholico,

519 1884 656 1911 urbanus
686 1883 766 1917 Papa
794 1883 872 1910 VIII.

410 1945 589 1974 charissime
608 1946 640 1973 in
660 1945 778 1973 christo
798 1945 841 1973 fili
860 1947 981 1978 noster,

361 1992 491 2019 salutem
514 1995 545 2019 et
568 1991 766 2025 apostolicam
784 1991 1032 2018 benedictionem.

370 2062 509 2096 Onerosa
532 2063 700 2107 pastoralis
730 2062 825 2096 officii
854 2072 947 2104 cura,
981 2061 1068 2095 nullo

326 2116 400 2150 licet
423 2118 611 2151 meritorum
636 2117 801 2160 suffragio,
827 2116 997 2149 humilitati
1013 2126 1069 2149 no-

326 2175 409 2204 strae
433 2171 634 2205 inenarrabili
652 2171 746 2214 Regis
770 2181 882 2214 regum
900 2176 929 2204 et
945 2170 1069 2204 Domini

328 2223 556 2259 dominantium
580 2226 698 2259 iudicio
723 2226 892 2259 commissa
915 2225 1069 2269 postulat,

328 2283 364 2310 ut
386 2288 449 2312 non
473 2281 575 2313 solum
595 2280 741 2314 omnibus
765 2279 953 2324 praesertim
974 2279 1072 2312 eccle-

330 2331 471 2375 siasticis,
484 2334 746 2377 regularibusque
759 2333 904 2378 personis
920 2333 1070 2366 iustitiam

331 2384 504 2428 aequaliter
528 2386 707 2420 ministrare
727 2397 885 2427 curemus,
903 2386 957 2419 sed
973 2396 1072 2430 quan-

331 2437 508 2482 documque
532 2439 611 2481 lites,
636 2441 866 2474 controversias
891 2445 920 2473 et
944 2440 1072 2473 dissidia

331 2490 413 2524 inter
437 2502 488 2526 eas
511 2493 650 2536 vigentes
674 2494 777 2539 quiete
801 2493 985 2539 praecidere
1013 2498 1074 2527 stu-

331 2543 472 2579 deamus.

369 2663 381 2691 1
402 2663 442 2692 Ex
460 2662 568 2700 Regest.
588 2662 616 2691 in
634 2662 735 2693 secret.
755 2662 832 2692 Brev.

1137 293 1152 335 ξ
1176 293 1205 325 1.
1231 292 1307 325 Cum
1332 291 1455 336 itaque,
1480 291 1560 324 sicut
1583 290 1771 335 accepimus,
1800 296 1830 323 tu

1093 345 1223 389 provide
1247 346 1459 387 considemus,
1484 356 1520 378 ex
1545 345 1662 386 litibus,
1688 355 1742 377 seu
1759 354 1832 377 con-
1848 336 1877 376 Ῐῖζέ

1082 399 1265 440 ‚troversiis‚
1279 410 1358 443 quae
1371 399 1451 433 inter
1461 399 1734 442 archiepiscopum
1746 397 1835 431 Elbo·
1850 392 1853 403 ¹

1095 463 1229 493 renscm,
1248 464 1306 496 pro
1324 458 1465 497 tempore
1489 453 1673 486 existentem
1698 463 1734 485 ex
1756 454 1833 493 una,

1095 516 1131 539 ac
1154 512 1377 550 praeceptores
1395 517 1450 539 seu
1466 507 1760 549 commendatarios,
1778 507 1835 539 sra-

1097 564 1159 591 trcs
1184 559 1309 600 milites,
1335 559 1562 603 officialesquc,
1589 560 1719 611 et·ali0s
1744 559 1834 592 mini-

1096 617 1177 645 stros
1197 612 1380 645 militiarum
1405 613 1433 645 S.
1460 614 1563 646 iacobi
1585 619 1614 646 ct
1630 613 1659 646 S.
1677 613 1835 646 Benedicti

1096 666 1134 699 de
1165 666 1237 698 Avis
1268 666 1357 709 regni
1390 666 1620 709 Portugalliae⁷
1645 677 1778 709 quarum
1804 671 1836 699 tu

1097 724 1268 763 perpetuus
1292 719 1529 752 administrator
1548 720 1719 763 apostolica
1735 726 1838 753 aucto—

1097 773 1188 806 ritate
1199 772 1365 816 deputatus
1382 772 1498 812 existis,
1515 782 1552 804 cx
1570 773 1669 804 altera
1685 773 1836 816 partibus⁷

1097 823 1135 857 de
1160 829 1190 857 et
1214 834 1309 868 super
1344 824 1561 858 iurisdictione
1597 824 1661 856 sive
1692 824 1838 857 facultate

1098 877 1243 910 visitandi
1261 882 1290 911 et
1307 877 1500 910 reformandi
1528 877 1677 910 ecclesias
1694 887 1750 910 seu
1770 887 1839 920 pcr-

1098 944 1190 967 sonas
1204 933 1358 966 dictarum
1378 933 1572 973 militiarum,
1589 937 1619 965 et
1636 932 1724 975 quasi
1741 932 1839 965 omni-

1099 987 1193 1021 modo
1217 988 1344 1020 illarum
1369 992 1431 1019 tam
1463 985 1617 1030 spirituali
1645 996 1740 1029 quam
1765 988 1840 1019 tem-

1098 1042 1201 1086 porali
1226 1041 1392 1084 gubernio,
1410 1040 1530 1073 ratione
1549 1039 1790 1083 privilegiorum
1811 1044 1838 1071 et

1099 1092 1332 1136 exemptionum
1343 1091 1461 1125 eisdem
1475 1091 1595 1124 militiis
1604 1100 1839 1130 concessorum,

1099 1147 1390 1189 nonnullorumque
1414 1145 1615 1178 decretorum
1645 1155 1681 1177 ac
1705 1143 1841 1177 declara-

1100 1200 1220 1234 tionum
1237 1199 1367 1234 Concilii
1382 1198 1566 1239 Tridentini,
1583 1208 1707 1232 necnon
1723 1203 1843 1231 senten-

1100 1254 1215 1287 tiarum
1247 1253 1379 1286 diversis
1408 1252 1603 1296 temporibus
1634 1251 1673 1284 ad
1702 1251 1841 1285 favorem

1100 1307 1284 1340 earumdem
1309 1307 1494 1339 militiarum
1521 1310 1748 1346 emanatarum‚
1772 1315 1843 1349 pos-

1100 1360 1322 1405 sesionumque
1337 1359 1647 1400 immemorabilium,
1659 1369 1766 1393 coram
1778 1368 1842 1392 uno

1100 1425 1155 1448 seu
1184 1415 1315 1448 diversis
1344 1414 1500 1448 iudicibus
1532 1413 1668 1446 indecise
1696 1412 1839 1457 penden-

1101 1469 1207 1509 tium¹,
1223 1469 1359 1512 plurima
1377 1468 1574 1509 detrimenta,
1591 1477 1655 1500 non
1675 1466 1742 1499 sine
1758 1471 1842 1499 nota-

1100 1522 1156 1554 bili
1173 1522 1378 1555 ecclesiarum
1395 1527 1424 1554 et
1439 1531 1648 1566 personarum
1666 1520 1842 1564 praedicta-

1101 1587 1173 1609 rum
1191 1586 1263 1609 cum
1277 1576 1432 1619 spirituali
1449 1581 1517 1608 tum
1533 1574 1700 1618 temporali
1717 1574 1842 1618 dispen‹

1101 1629 1153 1662 dio
1171 1633 1201 1663 et
1217 1628 1480 1669 christifidelium,
1495 1627 1641 1661 scandalo
1659 1626 1842 1671 provenire:

1102 1683 1206 1726 ipsum
1222 1693 1297 1716 vero
1313 1682 1602 1725 archiepiscopum,
1619 1690 1742 1713 necnon
1757 1689 1846 1723 prae-

1102 1742 1256 1780 ceptores,
1278 1746 1333 1769 seu
1349 1733 1644 1774 commendatarios,
1661 1733 1775 1766 fratres
1792 1733 1847 1765 mi-

1102 1789 1182 1831 lites,
1207 1789 1347 1834 aliasque
1371 1798 1524 1833 personas
1543 1787 1736 1829 huiusmodi,
1754 1786 1792 1819 ad
1812 1786 1847 1819 li—

1101 1844 1181 1877 tium
1191 1843 1302 1877 dubios
1312 1848 1451 1884 eventus,
1461 1843 1493 1875 in
1506 1842 1607 1885 iisque
1620 1840 1847 1886 prosequendis

1102 1897 1227 1932 labores
1253 1903 1283 1931 et
1306 1907 1458 1941 expensas
1483 1896 1582 1930 subiri
1607 1896 1713 1929 solitas
1733 1895 1847 1928 evitan-

1103 1952 1189 1994 dum,
1215 1963 1308 1996 super
1332 1952 1439 1984 litibus
1464 1956 1495 1983 et
1519 1949 1742 1984 controversiis
1767 1949 1848 1981 inter

1104 2017 1157 2040 eos
1181 2005 1359 2049 vigentibus
1382 2004 1588 2045 huiusmodi,
1613 2008 1643 2037 et
1666 2013 1746 2047 quae
1770 2002 1848 2036 oriri

1103 2060 1224 2104 possint
1248 2064 1392 2104 tempore
1414 2058 1624 2103 procedente,
1649 2057 1688 2090 ad
1716 2066 1848 2090 concor-

1104 2114 1187 2146 diam
1212 2118 1243 2146 et
1266 2112 1466 2146 amicabilem
1491 2110 1763 2155 compositionem,
1784 2120 1849 2143 ma-

1103 2167 1214 2200 iestate
1248 2167 1302 2201 tua
1327 2166 1484 2200 mediante
1499 2193 1506 2206 ,
1538 2165 1628 2197 facile
1658 2164 1848 2197 deventuros

1105 2232 1183 2263 esse,
1197 2221 1222 2254 si
1235 2225 1343 2254 nostra
1356 2226 1387 2254 et
1402 2220 1490 2254 Sedis
1504 2219 1703 2263 Apostolicae
1719 2218 1848 2252 facultas

1105 2275 1243 2319 desuper
1267 2274 1478 2317 suffragetur:

1150 2329 1165 2372 ξ
1184 2328 1213 2361 2.
1240 2329 1312 2370 Nos,
1330 2328 1384 2371 qui
1404 2327 1436 2360 in
1456 2327 1488 2360 id
1504 2336 1628 2370 semper
1645 2325 1847 2369 intendimus,

1106 2387 1150 2423 ut,
1163 2381 1292 2415 sublatis
1317 2381 1420 2414 litium
1445 2386 1475 2414 et
1495 2380 1784 2414 controversiarum
1801 2389 1850 2413 oc-

1107 2436 1295 2477 casionibus,
1310 2434 1540 2468 ecclesiasticae
1557 2439 1588 2467 et
1604 2433 1791 2477 praesertim
1808 2433 1850 2465 di-

1107 2490 1179 2523 vino
1191 2489 1318 2523 servitio
1328 2489 1524 2532 mancipatae
1537 2497 1701 2532 personae,
1711 2487 1849 2531 quietam

1107 2549 1138 2578 et
1151 2543 1352 2588 tranquillam
1363 2543 1458 2576 vitam
1472 2542 1680 2584 traducentes,
1690 2541 1723 2576 in
1735 2540 1850 2576 tuenda

1144 2663 1159 2691 1
1174 2662 1306 2699 Legerem
1324 2661 1470 2692 indecisae
1483 2661 1613 2698 pendent
1632 2662 1670 2698 (n.
1687 2662 1737 2698 r),

1736 233 1800 267 450
1847 243 1895 268 Λη.
1917 242 1943 268 c.
1962 243 2030 270 to26

1885 304 1951 324 (lama
1981 310 2031 324 con·

1889 338 1909 351 051

1881 365 1906 377 νυ
1920 375 1922 378 ,
1959 365 1969 376 Δ·
1989 365 2016 377 «u

1859 392 1868 404 ii
1886 386 1930 404 rubi
1939 392 1968 404 iva

1891 2337 2011 2358 Concessio,
