2269 3235
133 249 182 276 An.
199 247 227 276 C.
249 248 317 276 1624

153 1741 204 1763 Eam
220 1742 272 1769 erigi
283 1743 309 1763 si-

125 1769 155 1789 nit
171 1769 276 1794 Pontifex:

938 254 1080 277 unBAnus

329 297 390 340 cipi
406 299 641 332 convenientius
656 310 723 332 0550
739 310 839 343 posse,
853 310 946 343 quam
961 300 999 332 ad
1018 301 1069 333 Dei
1086 305 1088 312 ’

329 350 440 393 optimi
467 351 594 384 maximi
613 352 771 385 bonorum
788 352 928 385 omnium
943 353 1071 395 largito-

329 403 372 435 ris
397 404 514 438 cultum
541 406 802 449 promovendum,
820 405 914 438 fidem
943 406 1072 439 catholi-

329 466 396 488 cam
410 458 657 501 propagandam,
668 458 913 490 christianorum
929 461 1069 490 oninium

328 509 564 553 defensionem,
597 511 792 545 orthodoxae
823 511 896 544 fidei
931 512 1088 545 hostium

328 562 572 606 depressionem,
584 564 798 606 cogitationes,
810 575 985 609 operasque
999 576 1070 597 51105

328 622 521 657 convertere,
533 617 649 660 Spiritu
659 617 772 650 Sancto
786 617 967 661 inspirante,
977 618 1070 650 unius

329 669 458 703 militiae
482 669 670 703 christianae
695 671 935 712 institutionem,
960 670 991 703 in
1008 682 1069 714 qua

328 722 470 755 omnium
495 723 667 764 nationum,
685 724 737 767 qui
755 724 925 757 christiano
942 725 1069 758 nomine

328 780 513 817 censentur,
538 776 659 810 nobiles
689 782 719 809 et
743 777 878 820 ingenue
902 778 967 810 nati
992 778 1068 819 viri,

327 840 385 872 pro
407 830 467 862 fide
484 830 637 864 catholica
654 836 684 864 et
701 831 850 864 adversus
869 832 950 864 illius
963 832 1070 865 hostes

328 883 421 922 terra,
447 884 598 927 marique,
616 884 759 927 exigente
782 885 955 925 occasione,
974 891 1070 918 certa-

327 935 407 976 turi,
432 936 635 979 recipiantur,
660 937 799 970 meditati
825 943 904 970 sunt.
930 938 1069 982 Cumque

327 988 426 1029 (sicut
451 999 561 1022 eorum
586 990 695 1033 petitio
720 990 952 1033 subiungebat)
978 991 1069 1024 multi

327 1041 389 1073 iam
414 1052 451 1074 ex
476 1043 570 1075 variis
586 1043 766 1076 nationibus
786 1044 931 1077 catholici
949 1045 1009 1077 hoc
1028 1045 1070 1076 in-

326 1094 468 1127 stitutum
493 1096 650 1139 amplecti,
676 1096 792 1140 talique
816 1097 946 1130 militiae
971 1108 1003 1130 sc
1019 1098 1069 1130 ad-

326 1148 465 1181 scribere
490 1159 691 1193 summopere
716 1150 913 1188 desiderent2
940 1160 1068 1193 speran-

326 1200 464 1244 dumque
488 1202 548 1242 sit,
573 1214 641 1235 eam
671 1203 717 1245 (si
750 1203 837 1235 Sedis
872 1203 1068 1246 Apostolicae

325 1255 510 1288 auctoritate
538 1256 741 1297 instituatur)
771 1256 964 1299 reipublicae
989 1257 1069 1289 chri-

325 1307 443 1339 stianae
467 1318 530 1340 non
548 1314 732 1341 ornamento
747 1314 877 1350 1011111111,
896 1309 949 1341 sed
975 1310 1067 1341 etiam

324 1360 506 1394 adiumento
519 1362 667 1401 futuram,
683 1373 780 1405 quare
793 1362 886 1395 iidem
901 1363 1069 1395 Ferdinan-

324 1412 382 1446 dus
400 1418 429 1445 et
453 1414 581 1447 Carolus
605 1415 701 1447 duces
719 1420 749 1447 et
769 1414 931 1458 Adolphus
951 1426 1067 1457 comes,

324 1465 538 1499 desiderantes
559 1467 646 1510 pium
673 1468 732 1500 hoc
753 1473 782 1499 et
807 1467 963 1501 laudabile
987 1479 1068 1511 opus

325 1519 473 1562 auspiciis
490 1520 605 1552 nostris
630 1520 668 1552 ad
693 1520 839 1553 effectum
856 1521 998 1564 perduci,
1017 1531 1069 1554 no-

325 1572 374 1604 bis
387 1572 550 1606 humiliter
566 1574 737 1617 supplicari
752 1574 904 1614 fecerunt,
914 1579 1068 1618 quatenus

325 1625 357 1657 in
370 1626 551 1669 praemissis
575 1632 751 1670 opportune
775 1627 942 1671 providere
958 1628 996 1660 de
1015 1627 1068 1661 be-

324 1679 476 1721 nignitate
500 1681 671 1723 apostolica
696 1681 911 1723 dignaremur.

369 1733 384 1777 ἓ
407 1733 437 1766 2.
462 1734 525 1766 Nos
549 1734 656 1777 igitur,
680 1736 733 1778 qui
759 1735 854 1767 divini
880 1736 982 1768 cultus
1007 1746 1064 1767 au-

324 1791 498 1829 gmentum,
518 1787 654 1831 fideique
679 1788 851 1821 catholicae
870 1788 1068 1832 propagatio-

324 1851 396 1873 nem
421 1841 539 1884 ubique
564 1841 670 1883 vigere
695 1842 826 1875 sinceris
850 1842 1066 1875 desideramus

324 1893 497 1935 affectibus,
522 1895 647 1928 eosdem
673 1895 905 1928 Ferdinandum
924 1901 953 1928 01
977 1896 1068 1929 Caro-

324 1947 389 1980 lum
407 1947 512 1989 duces,
528 1958 564 1981 ac
581 1948 761 1992 Adolphum
781 1950 937 1990 comitem,
956 1950 986 1982 in
1005 1956 1065 1982 tam
1083 1963 1084 1978 i

324 2001 470 2033 laudabili
487 2001 615 2034 militiae
632 2002 819 2034 christianae
833 2003 1067 2046 promovendae

322 2054 485 2098 proposito
510 2055 721 2097 confoventes,
740 2056 887 2100 ipsosque
905 2061 934 2089 et
955 2067 1065 2090 eorum

323 2108 463 2150 singulos
491 2118 508 2140 a
533 2108 694 2151 quibusvis
719 2110 1065 2151 excommunicationis,

323 2161 538 2204 suspensionis
563 2166 593 2193 et.
618 2161 791 2203 interdicti,
817 2163 947 2206 aliisque
971 2164 1067 2196 ecclc-

323 2215 455 2247 siasticis
480 2215 662 2256 sententiis,
694 2216 835 2249 censuris
859 2222 887 2249 et
913 2218 1024 2261 poenis
1049 2228 1065 2250 a

323 2268 390 2300 iure
414 2269 461 2301 vel
486 2269 525 2301 ab
549 2269 676 2302 homine
702 2270 811 2314 quavis
835 2271 999 2303 occasione
1017 2272 1063 2304 vel

323 2323 417 2354 causa
433 2322 513 2362 latis,
531 2322 556 2355 si
577 2323 693 2366 quibus
717 2323 955 2366 quomodolibet
979 2324 1065 2357 inno-

1106 254 1161 277 vni
1185 255 1232 278 Pr.
1750 247 1816 281 415

1104 303 1287 343 maculatae,
1306 314 1398 346 quam
1424 302 1639 336 Ferdinandus
1664 309 1693 336 et
1716 303 1845 338 Carolus

1104 354 1198 388 duces
1226 366 1262 388 ac
1286 356 1448 400 Adolphus
1473 367 1579 389 comes
1609 358 1739 400 praefati
1764 368 1845 390 50111-

1103 417 1160 450 per
1184 408 1362 442 habuerunt
1379 414 1409 442 et
1425 410 1540 443 habent
1563 410 1644 453 apud
1671 410 1845 444 miscricor-

1104 459 1175 491 dem
1202 460 1315 493 Filium
1342 473 1432 495 5111110
1459 463 1652 504 advocatam,
1672 474 1707 496 00
1725 464 1782 496 sub
1800 475 1847 496 re-

1104 512 1178 553 gula
1195 513 1223 545 S.
1242 513 1412 555 Francisci,
1429 525 1550 548 necnon
1568 516 1627 548 sub
1651 517 1844 560 protectione

1104 564 1149 596 Ss.
1178 565 1337 598 Michaelis
1373 568 1551 610 archangeli
1584 573 1614 602 et
1638 569 1762 609 Basilii,
1787 580 1844 613 pro

1104 628 1166 650 uno
1191 619 1364 661 magistro,
1389 620 1442 663 qui
1467 631 1599 663 magnus
1628 627 1843 666 nuncupetur,

1104 676 1132 703 01
1158 671 1255 715 ipsius
1280 673 1409 705 militiae
1439 678 1532 717 caput
1556 679 1585 707 et
1610 676 1754 719 superior
1778 678 1843 708 exi-

1103 729 1182 766 stat,
1199 725 1352 769 cuiusque
1372 726 1461 759 sedes
1486 731 1516 761 et
1539 734 1710 761 conventus
1727 730 1757 761 in
1775 730 1843 763 loco

1104 782 1176 821 apto
1207 784 1237 811 et
1260 780 1431 813 commodo
1463 781 1489 813 ei
1521 781 1710 823 assignando
1735 783 1789 823 sit,
1815 789 1841 815 et

1103 831 1156 874 qui
1182 831 1212 863 in
1238 832 1335 875 ipsius
1369 833 1497 867 militiae
1527 835 1664 877 capitulo
1697 835 1790 877 eligi,
1817 842 1844 867 01

1103 884 1184 917 intra
1210 890 1272 917 tres
1297 896 1435 926 menses,
1460 897 1476 918 0
1500 887 1550 919 die
1582 898 1655 920 suae
1686 888 1845 921 electionis

1104 939 1340 982 computandos,
1353 939 1436 972 illius
1449 940 1720 974 confirmationem
1735 952 1752 974 a
1766 941 1845 974 Sede

1103 991 1292 1034 Apostolica,
1310 1002 1326 1024 a
1340 1003 1401 1035 qua
1418 993 1600 1026 confirmari
1618 995 1665 1026 vel
1691 994 1844 1027 infirmari

1103 1044 1224 1085 debeat,
1241 1050 1335 1088 prout
1355 1046 1433 1078 ordo
1459 1046 1597 1089 exegerit
1622 1047 1760 1087 rationis,
1786 1047 1844 1080 im-

1103 1098 1222 1141 petrari
1248 1103 1408 1138 tcneatur;

1147 1151 1161 1193 g
1185 1150 1214 1183 3.
1241 1151 1368 1184 Necnon
1398 1152 1533 1185 militum
1566 1163 1600 1185 00
1626 1153 1842 1187 ministrorum

1102 1213 1236 1236 numero
1260 1205 1360 1237 eidem
1387 1205 1538 1248 magistro
1563 1207 1726 1247 beneviso,

1147 1256 1161 1299 ἓ
1185 1256 1214 1288 4.
1240 1257 1297 1295 Qui
1323 1258 1473 1300 magister
1497 1265 1527 1291 et
1552 1260 1667 1292 milites
1702 1260 1842 1293 habitum

1103 1309 1199 1352 ipsius
1224 1311 1352 1343 militiae
1377 1315 1517 1353 gestare,

1147 1362 1203 1405 55,
1222 1363 1258 1397 Et
1275 1364 1406 1407 quilibet
1423 1376 1482 1408 pro
1500 1367 1556 1398 sua
1573 1366 1761 1410 receptione,
1779 1378 1843 1407 seu,

1103 1420 1144 1456 ut,
1156 1415 1280 1455 dicitur,
1291 1419 1468 1461 passciqqio
1483 1419 1616 1451 ducenta
1635 1425 1722 1452 scuta
1740 1431 1844 1460 aurea,

1102 1468 1140 1500 ad
1160 1469 1314 1502 rationem
1335 1470 1502 1503 duodecim
1528 1472 1676 1505 iuliorum
1695 1484 1754 1516 pro
1771 1485 1845 1517 quo-

1102 1521 1175 1554 libet
1189 1528 1277 1555 scuto
1290 1523 1483 1564 huiusmodi,
1499 1526 1677 1566 conventui,
1691 1537 1744 1558 seu
1763 1527 1845 1559 illius

1104 1575 1271 1615 thesauro,
1297 1577 1343 1608 vel
1369 1578 1528 1610 communi
1558 1579 1680 1612 aerario
1706 1580 1843 1620 solvere,

1147 1629 1161 1671 ἓ
1186 1629 1214 1662 6.
1241 1629 1444 1670 Novitiatum,
1476 1642 1530 1664 seu
1555 1632 1789 1675 probationem,
1814 1634 1844 1666 in

1101 1682 1204 1725 aliqua
1229 1682 1330 1715 dictae
1355 1684 1484 1717 militiae
1508 1685 1646 1727 regulari
1672 1686 1776 1726 domo,
1801 1687 1844 1719 eis

1102 1746 1119 1767 a
1142 1736 1294 1778 magistro
1320 1737 1448 1769 militiae
1473 1738 1665 1779 huiusmodi,
1683 1750 1737 1772 5011
1754 1740 1792 1772 011
1808 1751 1843 1773 eo

1101 1789 1139 1821 ad
1164 1789 1194 1821 id
1219 1789 1410 1833 deputando,
1436 1791 1632 1833 assignanda,
1657 1792 1776 1833 facere,

1146 1843 1160 1885 g
1186 1843 1213 1875 7.
1240 1843 1277 1875 Et
1300 1847 1407 1886 postea
1436 1844 1585 1877 castitatis
1609 1845 1784 1888 coniugalis
1809 1858 1842 1880 ac

1100 1896 1305 1939 paupertatis,
1331 1897 1415 1929 iuxta
1432 1902 1546 1929 statuta
1563 1909 1618 1930 5011
1636 1898 1843 1932 stabilimenta
1868 1890 1935 1902 ΝΜ

1101 1948 1201 1981 dictae
1214 1949 1354 1987 militiae,
1368 1960 1404 1983 ac
1421 1950 1617 1983 obedientiae
1631 1957 1711 1992 vota,
1729 1957 1757 1984 et
1774 1963 1845 1995 pro-

1101 2002 1269 2035 fessionem
1290 2003 1374 2043 fidei,
1392 2014 1427 2035 00
1445 2003 1656 2036 iuramentum
1675 2005 1843 2043 111101110115,

1101 2055 1171 2088 Sedi
1192 2056 1391 2099 Apostolicae
1416 2061 1445 2089 et
1463 2057 1605 2090 Romano
1623 2058 1765 2091 Pontifici
1786 2069 1844 2102 pro

1101 2114 1244 2152 tempore
1269 2109 1411 2142 existenti
1437 2111 1658 2152 praestandae,
1684 2112 1843 2151 emittere,

1145 2163 1159 2205 ἓ
1176 2161 1205 2195 8.
1225 2163 1261 2195 Ε1
1281 2163 1542 2206 quotiescumque
1562 2164 1607 2196 eis
1620 2165 1842 2208 praecipietur,

1100 2221 1152 2248 aut
1177 2216 1321 2255 occasio,
1347 2216 1394 2248 vel
1426 2216 1594 2249 necessitas
1619 2218 1842 2260 postulaverit,

1100 2270 1200 2309 terra,
1226 2269 1367 2312 marique
1400 2274 1509 2302 contra
1533 2270 1685 2312 infideles⁷
1711 2281 1746 2303 ac
1771 2281 1840 2303 san-

1098 2328 1164 2355 ctae
1189 2323 1347 2355 Romanae
1372 2323 1529 2356 Ecclesiae
1553 2334 1588 2356 ac
1617 2324 1689 2356 fidei
1715 2324 1842 2357 catholi-

1098 2386 1151 2408 cae
1175 2375 1282 2409 hostes
1307 2376 1443 2409 militare
1467 2380 1649 2416 teneantur3

1862 259 1909 284 An.
1926 258 1953 284 C.
1977 259 2043 285 1624

1908 1164 1938 1184 De
1956 1165 2042 1185 1111111010

1859 1196 1952 1214 nurnero,

1886 1270 1976 1293 Habitu,

1889 1642 2004 1667 Notitiam,

1865 1882 1868 1885 ἱ
1887 1855 1945 1875 Vhtu]
1961 1858 1979 1875 01
1996 1862 2041 1881 pru-

322 2375 385 2408 dati
410 2375 566 2416 existunt,
597 2376 636 2408 ad
668 2376 814 2410 effectum
850 2378 1081 2421 praesentium1

322 2429 484 2462 dumtaxat
500 2430 766 2473 consequendum,
784 2431 897 2464 harum
915 2432 995 2464 serie
1012 2432 1081 2464 ah-¹
1142 2430 1156 2473 §5
1181 2429 1209 2462 9.
1236 2429 1272 2461 Et
1296 2429 1333 2461 ad
1363 2430 1525 2470 habitum,
1551 2440 1607 2463 seu
1631 2441 1779 2471 crucem,
1805 2442 1839 2465 ac
1856 2439 1911 2485 „⁰¹22
1928 2440 1982 2485 πῖ),
2025 2474 2027 2485 Ι

322 2482 478 2515 solventes
495 2488 525 2515 et
540 2483 700 2516 absolutos
724 2483 790 2516 sore
815 2489 987 2525 censentes,
1006 2485 1063 2516 hu—
1079 2492 1081 2513 ι
1098 2482 1325 2526 professionem
1351 2481 1451 2514 dictae
1468 2482 1597 2515 militiae
1614 2483 1735 2516 nobiles
1752 2487 1781 2517 et
1799 2484 1839 2516 in-
1863 2494 1935 2512 imum⁴

1993 2440 2038 2458 11111Α

1987 2470 2020 2485 tta-i

322 2535 459 2569 jusmodi
483 2536 765 2580 supplicationibus
790 2538 944 2578 inclinati,
968 2548 1063 2570 unam

322 2588 466 2621 militiam
493 2589 696 2622 christianam
731 2590 972 2633 nuncupandam
1005 2590 1063 2623 sub

323 2642 413 2676 titulo
437 2642 656 2686 Conceptionis
673 2642 704 2675 B.
721 2643 835 2676 Mariae
852 2643 988 2687 Virginis
1008 2643 1064 2676 Im-

1097 2546 1199 2579 genue
1216 2535 1280 2567 nati
1299 2535 1366 2576 viri,
1384 2535 1479 2568 etiam
1500 2536 1553 2579 qui
1572 2547 1642 2569 cum
1660 2537 1762 2577 uniczt,
1779 2538 1838 2577 vel,

1098 2591 1134 2622 ea
1160 2589 1317 2629 defuncta,
1342 2599 1413 2622 cum
1438 2590 1535 2622 altera
1560 2594 1679 2624 tantum
1705 2591 1837 2624 muliere

1097 2643 1219 2686 virgine
1254 2643 1300 2675 vel
1326 2643 1418 2675 011010
1445 2643 1537 2677 vidua
1566 2644 1724 2688 coniugati
1756 2645 1837 2685 sint,
