2269 3235
101 281 149 309 An.
168 281 197 309 C.
219 281 286 309 1623

907 281 1049 305 unBAnus

301 329 442 363 conciliis
459 329 549 363 editis
567 329 754 375 specialibus
772 330 819 362 vel
839 329 1039 372 generalibus

301 381 575 416 constitutionibus
594 386 624 417 et
640 381 900 424 ordinationibus,
916 391 1039 414 necnon

301 435 466 481 hospitalis
490 435 670 469 huiusmodi
695 434 902 478 (iuramento,
929 434 1040 467 confir-

301 488 438 522 matione
451 488 683 533 apostoliea,vel
697 487 806 532 quavis
818 487 966 520 firmitate
979 487 1039 520 alia

301 542 471 587 roboratis)
496 542 618 576 statutis
637 546 667 575 et
687 540 980 581 consuetudinibus,
1004 551 1040 573 ac

301 595 528 638 stabilimentis‚
538 595 789 629 ordinationibus
803 594 1039 638 capitularibuS,

301 649 545 689 antianitatibus,
570 648 678 681 usibus
701 653 731 681 et
755 647 889 688 naturis,
915 647 1040 691 privile-

300 702 360 745 giis
377 712 512 747 quoque,
529 701 656 734 indultis
674 706 704 734 et
720 701 832 735 litteris
849 700 1040 745 apostolicis,

301 755 379 796 illis,
404 766 439 788 ac
470 755 621 797 magistro
651 759 680 787 et
704 754 886 794 conventui,
918 764 1040 787 necnon

300 809 399 853 priori
424 808 634 849 Venetiarum,
653 819 688 842 ac
712 808 863 841 fratribus
880 808 972 840 etiam
991 818 1041 840 an-

300 862 409 903 tianis,
434 866 465 895 et
488 862 563 895 alias
587 861 826 906 quomodolibet
852 861 1040 906 nuncupatis

300 916 464 960 hospitalis
488 915 678 955 huiusmodi,
701 920 765 948 tam
790 926 846 959 per
871 915 969 948 felicis
995 925 1040 948 re-

300 970 491 1004 cordationis
515 970 665 1003 Ioannem
690 970 790 1011 xxti,
815 969 981 1003 Martinum
1006 970 1040 1010 V,

301 1023 475 1067 Eugenium
501 1024 549 1064 IV,
573 1023 693 1057 Sixtum
719 1023 766 1064 IV,
792 1023 879 1055 Pium
905 1023 941 1063 II,
966 1023 1042 1055 Pau-

301 1079 365 1111 lum
379 1077 522 1111 similiter
536 1077 573 1117 II,
583 1077 719 1110 Leonem
730 1077 766 1117 X,
777 1077 967 1110 Clementem
978 1077 1040 1117 Vll,

301 1131 431 1165 Paulum
457 1130 511 1171 111,
536 1131 624 1163 Pium
649 1130 741 1163 etiam
767 1130 816 1170 IV,
845 1130 934 1163 Pium
960 1130 1042 1162 simi-

302 1184 374 1218 liter
391 1185 426 1225 V,
444 1183 633 1227 Gregorium
650 1183 728 1224 XIII,
745 1183 865 1216 Sixtum
882 1183 1001 1226 pariter
1018 1183 1040 1215 V

302 1243 332 1271 et
355 1237 544 1280 Gregorium
569 1237 649 1277 XIV,
675 1246 798 1269 necnon
823 1246 1041 1279 quoscumque

302 1285 378 1324 alios
402 1291 560 1323 Romanos
588 1289 754 1322 Pontifices
781 1289 1041 1333 praedecessores

301 1349 435 1386 nostros,
453 1353 548 1387 quam
565 1353 623 1375 nos
639 1347 669 1375 et
686 1342 796 1375 Sedem
811 1342 965 1381 eamdem,
983 1342 1041 1374 sub
1059 1355 1061 1366 r

301 1397 551 1441 quibuscumque
569 1396 731 1430 tenoribus
744 1401 775 1429 et
787 1395 907 1436 formis,
922 1406 957 1428 ae
970 1406 1040 1429 eum
1059 1414 1061 1417 ·

301 1451 462 1494 quibusvis
491 1450 585 1484 etiam
610 1449 883 1493 derogatoriarum
908 1449 1041 1492 deroga-

302 1504 405 1546 toriis,
437 1504 568 1548 aliisque
596 1503 824 1537 efficacioribus
855 1508 885 1536 et
909 1503 1043 1536 insolitis

301 1557 459 1598 clausulis,
480 1568 603 1591 necnon
628 1557 823 1590 irritantibus
848 1560 878 1591 et
902 1556 970 1589 aliis
995 1541 1062 1617 de}

301 1611 405 1652 cretis,
430 1611 524 1644 etiam
545 1621 602 1655 per
626 1610 709 1643 viam
733 1609 822 1653 legis,
847 1613 900 1643 aut
924 1613 1062 1656 contra-g

302 1670 380 1706 ctus,
400 1665 448 1698 vel
467 1664 572 1697 statuti
590 1663 745 1708 perpetui,
762 1663 793 1696 in
811 1673 928 1706 genere
946 1663 993 1695 vel
1013 1663 1042 1695 in
1060 1657 1062 1676 ‘

303 1719 422 1763 specie,
447 1719 495 1751 vel
520 1718 595 1751 alias
619 1717 875 1762 quomodolibet,
901 1722 931 1750 et
956 1722 1062 1752 motui

303 1772 407 1813 simili,
424 1777 455 1805 et
478 1782 515 1805 ex
541 1773 627 1805 certa
653 1771 792 1812 scientia,
811 1782 845 1804 ae
863 1771 901 1804 de
921 1777 1062 1815 aposto-⁴

303 1825 380 1859 ticae
404 1825 567 1870 potestatis
590 1825 795 1869 plenitudine,
821 1825 914 1858 etiam
931 1825 969 1858 de
987 1825 1045 1858 fra-

304 1883 386 1912 trum
422 1883 606 1911 nostrorum
642 1877 671 1911 S.
704 1879 738 1911 R.
771 1878 802 1911 E.
836 1878 1043 1911 cardinalium

304 1933 445 1973 consilio,
469 1943 592 1966 necnon
610 1943 647 1965 ex
665 1932 758 1966 certis
779 1932 880 1965 causis
905 1937 978 1965 tunc
996 1944 1044 1965 ex-

305 1987 440 2031 pressis,
465 1997 501 2020 ac
525 1987 618 2019 etiam
644 1986 904 2020 consistorialiter
929 1989 1059 2030 propo-¹

304 2040 381 2081 sitis,
402 2045 431 2073 et
455 2040 623 2084 diligenter
643 2040 846 2080 examinatis,
872 2051 927 2073 seu
952 2040 1044 2072 etiam

305 2094 342 2127 ad
362 2094 547 2140 quorumvis
571 2094 706 2127 aliorum
727 2094 906 2138 principum
932 2094 1046 2127 instan-

305 2149 390 2189 tiam,
407 2149 501 2181 etiam
523 2148 642 2181 iteratis
659 2148 790 2187 vicibus,
808 2148 975 2187 concessis,
994 2159 1046 2192 ap-

305 2202 445 2247 probatis
469 2207 499 2235 et
523 2202 695 2242 innovatis,
721 2202 843 2235 etiamsi
869 2202 899 2234 in
925 2202 969 2235 eis
995 2214 1045 2235 ea-

306 2260 415 2288 veatur
438 2265 595 2299 expresse,
613 2254 697 2298 quod
717 2265 779 2288 non
805 2260 969 2288 censeatur
986 2255 1045 2288 illis
1062 2269 1064 2283 v

306 2309 508 2352 derogatum,
532 2308 591 2341 nisi
611 2308 775 2351 derogatio
801 2308 980 2342 huiusmodi
1008 2309 1064 2348 de?

307 2362 489 2396 eorumdem
515 2362 720 2396 cardinalium
751 2363 893 2403 consilio,
919 2367 949 2407 et
973 2351 1065 2403 (πω-ζ

308 2416 506 2450 sistorialiter
530 2416 599 2458 fiat,
625 2421 718 2460 atque
748 2421 822 2449 tune
850 2416 993 2459 magistri
1018 2407 1065 2459 etJ

308 2474 480 2504 conventus
505 2470 738 2513 praedictorum
762 2470 800 2503 ad
825 2470 855 2502 id
882 2481 1048 2514 expressus

309 2523 435 2557 accedat
459 2533 614 2563 assensuS,
635 2534 756 2556 necnon
778 2524 900 2557 litterae
920 2523 1049 2566 deroga-

310 2578 403 2611 tionis
434 2577 615 2610 huiusmodi
641 2577 734 2611 certis
763 2577 857 2611 modo
888 2583 918 2610 et
947 2578 1048 2611 forma

311 2636 385 2664 tunc
405 2630 561 2675 expressis
579 2630 739 2664 intimatae
757 2635 786 2663 et
802 2631 981 2664 notificatae
1000 2631 1049 2664 fu-

310 2685 401 2718 erint.
418 2684 538 2725 Quibus
555 2683 700 2718 omnibus
719 2689 749 2717 et
766 2685 908 2727 singulis,
929 2684 1048 2718 etiamsi

1074 281 1131 305 vm
1156 282 1202 305 rr.

1073 329 1111 362 de
1126 329 1196 370 illis,
1206 339 1380 373 eorumque
1394 328 1466 363 totis
1477 328 1648 370 tenoribus,
1659 328 1812 373 specialis,

1073 382 1230 427 specifica,
1244 393 1392 427 expressa
1409 387 1439 416 et
1452 382 1613 415 individua
1629 382 1746 416 mentio
1759 392 1812 416 seu

1073 435 1201 478 quaevis
1219 435 1279 468 alia
1295 435 1456 479 expressio
1476 435 1629 476 habenda,
1646 435 1694 469 vel
1712 435 1814 469 forma

1073 487 1111 520 ad
1135 488 1195 520 hoc
1219 488 1372 520 servanda
1396 488 1490 529 soret,
1515 488 1575 522 illis
1599 488 1675 522 alias
1700 489 1731 522 in
1756 499 1814 522 suo

1075 540 1190 573 robore
1214 541 1448 584 permansuris,
1474 542 1532 575 hac
1557 541 1624 575 vice
1655 541 1815 576 dumtaxat

1075 594 1186 626 barum
1207 593 1288 626 serie
1313 593 1490 637 specialiter
1507 598 1537 628 et
1557 605 1703 638 expresse
1726 595 1815 628 dero-

1074 658 1196 690 gamus,
1221 646 1389 681 contrariis
1414 647 1687 691 quibuscumque:
1713 654 1766 682 aut
1789 649 1814 681 si

1075 701 1241 745 aliquibus,
1260 699 1472 734 communiter
1489 706 1542 733 aut
1561 701 1694 742 divisim,
1711 702 1749 734 ab
1767 704 1815 735 ea-

1075 755 1146 788 dem
1171 755 1209 788 sit
1233 754 1312 789 Sede
1345 754 1519 794 indultum,
1547 755 1630 798 quod
1656 754 1814 797 interdici,

1075 809 1222 854 suspendi
1247 810 1293 842 vel
1319 808 1584 842 excommunicari
1609 819 1671 841 non
1696 809 1815 853 possint

1076 875 1133 908 per
1150 864 1269 897 litteras
1294 863 1482 907 apostolicas
1507 873 1571 895 non
1588 862 1735 896 facientes
1756 863 1816 906 ple-

1075 927 1147 950 nam
1180 922 1210 949 et
1241 927 1420 960 expressam
1446 927 1482 950 ac
1507 916 1545 949 de
1569 916 1665 949 verbo
1689 915 1727 948 ad
1752 927 1817 949 ver-

1075 971 1150 1004 bum
1175 971 1213 1004 de
1238 970 1359 1004 indulto
1384 969 1566 1003 huiusmodi
1591 970 1792 1003 mentionem.

1119 1024 1230 1057 Datum
1259 1025 1398 1064 Romae,
1424 1023 1505 1067 apud
1530 1022 1558 1056 S.
1586 1022 1734 1064 Petrum,
1759 1023 1817 1056 sub

1076 1079 1191 1111 annulo
1225 1077 1414 1118 piscatoris,
1448 1077 1498 1110 die
1529 1087 1606 1110 xxix
1640 1077 1818 1110 decembris

1076 1142 1236 1173 nncxxm,
1262 1131 1462 1176 pontificatus
1486 1131 1584 1164 nostri
1610 1141 1692 1164 anno
1716 1141 1734 1164 1.

1112 1194 1170 1221 Dat.
1187 1194 1232 1222 die
1247 1194 1280 1220 29
1297 1193 1451 1221 decembris
1468 1193 1546 1226 1623,
1562 1193 1659 1229 pontis.
1677 1201 1746 1220 anno
1767 1199 1798 1220 ι.·

1408 1337 1485 1370 XXI.

1079 1418 1291 1460 Confirmatio
1318 1418 1504 1451 litterarum
1531 1418 1681 1460 Greyorii
1705 1418 1767 1451 XV
1782 1418 1820 1450 de

1119 1472 1304 1515 privileqiis
1325 1471 1467 1504 militiae
1483 1472 1521 1504 B.
1543 1471 1585 1503 M.
1610 1471 1819 1504 Theutom'co-

1120 1536 1195 1558 rum
1206 1526 1361 1558 concessis
1374 1535 1433 1568 per
1448 1524 1560 1558 Sedem
1578 1528 1600 1558 A
1607 1524 1817 1568 postolz'cam⁴.

1281 1605 1417 1631 Urbanus
1437 1605 1515 1638 Papa
1534 1604 1614 1635 vm.

1200 1650 1236 1676 ad
1256 1652 1433 1683 perpetuam
1452 1649 1496 1676 rei
1518 1648 1698 1676 memoriam.

1122 1721 1215 1753 Decet
1228 1720 1405 1753 Romanum
1421 1719 1616 1760 Pontificem,
1626 1719 1658 1752 in
1670 1729 1822 1763 supremo

1079 1773 1240 1807 militantis
1254 1772 1411 1807 Ecclesiae
1425 1772 1504 1806 solio
1518 1777 1548 1806 et
1563 1772 1753 1816 apostolicae
1770 1783 1822 1817 po·

1078 1827 1196 1860 testatis
1214 1826 1419 1871 plenitudine,
1434 1826 1588 1860 immensa
1603 1826 1823 1870 Redemptoris

1079 1881 1178 1915 nostri
1194 1880 1397 1924 benignitate,
1415 1880 1630 1920 constitutum,
1647 1880 1823 1923 privilegia,

1080 1934 1196 1978 gratias
1218 1939 1248 1967 et
1265 1933 1383 1966 indulta
1400 1944 1456 1977 per
1472 1933 1732 1977 praedecessores
1749 1944 1823 1967 suos

1081 1988 1199 2022 militiis
1223 1993 1253 2021 et
1276 1987 1487 2031 hospitalibus
1512 1987 1705 2030 quibuslibet
1728 1987 1767 2020 ad
1791 1998 1823 2020 e-

1080 2042 1200 2075 iusdem
1221 2041 1441 2085 Redemptoris
1461 2041 1561 2074 nostri
1581 2041 1725 2084 gloriam,
1746 2041 1823 2075 eius-

1080 2106 1141 2139 que
1166 2095 1323 2128 Ecclesiae
1349 2105 1423 2127 suae
1443 2099 1568 2127 sanctae
1592 2095 1822 2135 exaltationem,

1080 2155 1110 2182 et
1135 2148 1307 2181 catholicae
1330 2148 1404 2180 fidei
1430 2147 1654 2189 defensionem,
1678 2158 1736 2181 nec
1760 2159 1823 2182 non

1080 2203 1203 2246 pietatis
1228 2207 1259 2235 et
1282 2202 1442 2235 eharitatis
1467 2212 1564 2246 opera
1583 2202 1756 2235 exercenda
1773 2203 1824 2247 pie

1082 2255 1240 2296 institutis,
1265 2256 1456 2299 illorumque
1480 2255 1713 2300 superioribus,
1742 2256 1823 2289 mili-

1081 2310 1173 2350 tibus,
1198 2310 1348 2344 fratribus
1366 2315 1396 2342 et
1419 2309 1487 2342 aliis
1504 2309 1648 2353 personis
1666 2319 1823 2349 concessa,

1082 2368 1115 2396 ut
1139 2364 1231 2396 firma
1255 2368 1285 2396 et
1310 2363 1427 2396 illibata
1451 2368 1605 2406 perpetuo
1630 2367 1823 2403 remaneant,

1081 2417 1272 2460 apostolicae
1289 2415 1538 2449 confirmationis
1554 2416 1670 2448 robore
1687 2426 1825 2449 commu-

1082 2471 1171 2511 nire,
1196 2476 1227 2504 et
1251 2471 1326 2503 alias
1358 2470 1389 2502 in
1421 2469 1469 2502 his
1504 2469 1720 2513 providentiae
1751 2479 1824 2503 suae

1082 2529 1187 2569 partes
1217 2523 1429 2557 favorabiliter
1456 2522 1680 2567 interponere,
1708 2527 1824 2567 prout,

1083 2589 1189 2611 rerum
1216 2583 1246 2611 et
1276 2582 1456 2621 temporum
1488 2577 1690 2620 qualitatibus
1721 2576 1824 2610 debite

1120 2696 1132 2721 1
1154 2694 1192 2721 Ex
1212 2697 1311 2730 regest.
1333 2693 1359 2721 in
1379 2692 1480 2722 Secret.
1498 2693 1574 2721 Brev.

1742 271 1784 304 95
1829 280 1878 306 An.
1895 279 1924 307 C.
1943 279 2008 309 1623

1863 1728 2002 1749 Prooemium.
