2269 3235
876 250 971 275 INDEX
998 248 1195 274 nnnntmmm

351 305 473 340 dinales
487 305 691 339 ecclesiarum
709 303 872 348 praesules
885 303 1005 337 indulto

350 360 533 394 conferendi
546 359 702 392 beneficia
719 359 942 399 ecclesiastiea,
961 367 1006 390 ra-

351 415 435 447 tione
460 413 676 454 ecclesiarum,
702 411 819 456 quibus
844 414 1004 455 praesunt,
1029 414 1032 466 Ι

351 466 401 500 vel
439 476 573 511 quarum
605 467 752 508 regimini
787 465 896 499 ultimo
937 464 1004 497 loco

351 523 527 561 cesserunt,
553 519 717 552 dumtaxat
731 520 774 551 uti
789 519 919 561 possint,
932 518 1003 550 [190.

264 572 380 608 CCXV.
423 572 608 606 Commissio
647 573 797 615 episcopo
834 571 1007 604 Wratisla-

352 627 455 660 viensi
479 624 648 669 apostolica
673 624 879 658 confirmandi
899 627 1006 657 aucto-

352 681 444 713 ritate
461 679 677 713 fundationem
694 680 724 711 et
737 678 930 710 erectionem
948 676 1007 709 col-

354 732 429 776 legii
445 733 609 766 Societatis
626 731 695 764 lesu
710 732 740 763 in
755 730 872 774 oppido
887 730 1005 773 Nissae,

354 795 427 820 eum
457 786 665 819 universitate
696 783 792 817 studii
828 783 1005 827 generalis,

356 839 428 872 491.

265 891 395 926 CCXVI.
413 889 572 925 Indultum
587 889 814 924 ecelesiasticis
830 891 922 934 regui
940 890 1009 924 Sar-

354 943 470 985 diniae⁷
502 947 536 978 ut
572 945 694 987 possint
728 942 907 977 subsidium
931 952 1009 987 qua-

355 997 523 1041 dringenta
536 997 669 1030 millium
685 1000 855 1038 scutorum,
865 995 926 1030 una
937 1007 1009 1030 cum

354 1050 490 1084 subditis
514 1050 659 1084 eiusdem
683 1051 785 1092 regni,
812 1051 878 1092 regi
903 1050 1010 1084 catho-

355 1104 415 1138 lieo
440 1104 632 1147 persolvere,
664 1105 737 1137 493.

267 1157 412 1192 CCXVII.
438 1157 640 1191 Confirmatm
661 1161 691 1191 et
706 1158 867 1190 innovatio
889 1156 1010 1190 Consti-

353 1211 483 1244 tutionis
509 1209 682 1243 Clementis
708 1209 789 1251 VIII,
808 1218 870 1254 qua
884 1209 950 1243 vult
967 1210 1010 1243 di-

353 1266 489 1307 gnitates
505 1262 645 1306 Linguae
657 1263 810 1306 Anglicae
819 1262 1008 1305 obtinentes,

353 1320 462 1351 votum
488 1319 519 1350 in
544 1316 700 1350 electione
726 1319 832 1359 magni
866 1319 1010 1359 magistri

352 1370 517 1414 hospitalis
543 1370 573 1404 S.
591 1370 718 1403 Ioannis
731 1370 1010 1414 Hierosolymitani

352 1434 414 1457 non
439 1423 568 1466 habere,
594 1425 656 1457 nisi
681 1424 798 1458 fuerint
822 1434 862 1457 ex
897 1424 1011 1467 Anglia

353 1478 490 1519 oriundi,
517 1479 590 1512 494.

266 1531 428 1566 CCXVIII.
464 1531 626 1565 Indultum
662 1531 889 1566 ecclesiasticis
922 1534 1012 1576 regni

356 1584 529 1627 Valentiae⁷
555 1589 588 1619 ut
612 1595 684 1618 cum
708 1585 798 1619 laicis
834 1585 1012 1619 subsidium

355 1640 424 1680 regi
449 1638 590 1672 tribuere
616 1641 734 1682 queant
765 1639 797 1670 in
827 1637 949 1671 summa
978 1649 1012 1671 u-

356 1693 428 1724 nius
452 1691 589 1724 millonis
614 1694 645 1724 et
668 1692 850 1734 octuaginta
879 1691 1011 1725 millium

356 1748 527 1787 scutorum,
556 1745 629 1778 496.

267 1798 391 1832 CCXIX.
403 1798 549 1832 Declarat
566 1798 776 1831 confessarios
791 1807 1012 1843 quoscumque

355 1861 414 1896 per
426 1852 705 1895 archiepiscopum
720 1851 884 1885 LImanum
903 1861 1013 1896 appro-

356 1904 455 1947 batos,
470 1914 527 1948 per
551 1905 827 1949 archiepiscopum
851 1916 1014 1939 suecesso-

358 1967 426 1992 rem
451 1960 565 1992 iterum
589 1960 767 1992 examinari
792 1969 896 2002 posse;
918 1970 1013 2002 popu-

358 2013 422 2046 lum
440 2014 560 2046 veroin
578 2013 731 2046 Paschate
758 2017 929 2056 praecepto
954 2014 1013 2046 Ec-

357 2066 473 2099 clesiae
498 2076 559 2099 non
584 2066 777 2108 satisfacere,
804 2068 865 2100 nisi
889 2076 1012 2100 sacram

357 2119 618 2153 Communionem
642 2121 674 2153 in
700 2121 835 2163 propriis
853 2120 1012 2163 parochiis

358 2177 470 2215 sumat,
498 2175 570 2207 498.

269 2225 381 2260 CCXX.
393 2226 537 2261 Facultas
554 2227 708 2262 cardinali
722 2228 751 2261 S.
763 2227 941 2272 Honuphrii
961 2238 1013 2262 ca-

358 2281 468 2323 piendi
492 2283 726 2325 possessionem
752 2280 885 2316 ducatus
902 2281 1013 2315 Urbini

360 2335 392 2368 in
416 2343 493 2368 casu
518 2335 730 2368 devolutionis
751 2335 990 2376 eiusdem,499.

271 2386 400 2421 CCXXI.
414 2387 555 2421 Nuncius
564 2388 755 2431 apostolicus
769 2389 801 2421 in
817 2397 916 2431 regno
933 2389 1014 2422 Nea-

359 2439 440 2484 polis
454 2450 511 2483 pro
528 2443 670 2484 tempore
687 2442 828 2474 existens
845 2442 1015 2484 deputatur

359 2497 563 2527 conservator
580 2496 819 2538 praeceptoriae
837 2494 867 2527 S.
885 2495 1014 2528 Antonii

359 2546 400 2580 de
416 2546 448 2580 S.
467 2546 604 2580 Antonio
622 2551 712 2581 extra
736 2551 860 2591 portam
884 2547 1010 2592 Capua-

359 2609 443 2642 nam⁷
469 2600 544 2634 503.

270 2651 415 2688 CCXXII.
427 2653 599 2689 Revocatio
611 2655 751 2689 omnium
767 2655 942 2699 gratiarum
955 2663 1012 2690 ex-

1682 233 1749 268 727

1145 300 1352 344 emptionum,
1378 297 1580 337 indultorum,
1606 305 1641 329 ae
1668 296 1796 339 privile-

1142 356 1266 397 giorum
1302 350 1539 396 ‹pininodolibet
1573 359 1796 382 concessorum

1144 406 1366 440 assistentibus
1406 404 1645 437 ultramontanis
1685 403 1798 445 prioris

1144 461 1303 506 generalis
1317 459 1448 493 Ordinis
1460 458 1670 491 Ereinitarum
1687 456 1717 489 S.
1735 455 1800 489 Au-

1144 516 1262 559 gustini
1287 512 1438 546 absolutis
1463 511 1501 544 ab
1527 520 1637 543 eorum
1673 510 1799 548 officio,

1145 579 1207 612 quo
1233 572 1371 611 peracto,
1389 565 1427 598 ad
1454 574 1527 598 suas
1552 563 1732 607 proxincias
1750 571 1800 595 re-

1145 621 1213 653 dire
1241 623 1396 659 tenentur,
1424 618 1497 651 2304.

1057 669 1800 708 CCXXIII.Contiriuatiocuiusdamdecretima-

1145 728 1200 770 gni
1227 727 1369 768 magistri
1394 728 1424 757 et
1448 724 1571 757 consilii
1593 722 1754 765 hospitalis
1768 721 1798 755 S.

1144 781 1270 814 loannis
1301 778 1579 820 Hierosolymiiani
1611 785 1708 819 super
1743 784 1800 808 re-

1146 835 1292 878 ceptione
1325 832 1544 865 lIelveliorum
1582 829 1620 862 ad
1660 828 1799 862 habitum

1146 888 1287 928 militiae,
1313 886 1387 918 505.

1061 941 1214 976 CCXXIV.
1241 941 1299 973 Pro
1324 938 1582 973 confraternitate
1606 935 1798 969 Musicorum

1148 997 1179 1028 in
1211 992 1345 1027 ecclesia
1383 992 1570 1025 clericorum
1607 989 1802 1033 regularium

1148 1049 1178 1081 S.
1197 1047 1285 1081 Pauli
1310 1045 1464 1079 Decollati
1489 1045 1528 1078 de
1554 1042 1636 1076 Urbe
1662 1042 1738 1076 alias
1756 1043 1802 1075 in-

1149 1101 1275 1142 stituta,
1306 1100 1465 1133 revocatio
1498 1096 1737 1141 prohibitionis,
1763 1096 1802 1129 de

1149 1165 1210 1199 qua
1236 1154 1306 1196 in.§
1330 1164 1372 1194 w,
1399 1162 1435 1185 ae
1460 1151 1587 1191 indulti,
1613 1150 1652 1183 de
1683 1160 1745 1193 quo
1770 1151 1801 1182 in

1150 1209 1164 1252 ξ
1197 1218 1240 1241 vn
1278 1207 1510 1240 constitutionis
1551 1204 1803 1237 contirniatoriae

1149 1263 1258 1305 ipsius,
1285 1260 1359 1293 507.

1063 1315 1205 1351 CCXXV,
1218 1313 1393 1347 Nonnullae
1404 1312 1618 1345 ordinationes
1630 1320 1686 1355 pro
1699 1311 1805 1343 missis

1150 1370 1182 1402 in
1208 1366 1342 1401 eeclesia
1363 1368 1461 1399 sancti
1487 1365 1633 1407 Gregorii
1653 1364 1693 1396 de
1721 1362 1805 1396 Urbe

1151 1422 1362 1462 celebrandiS,
1389 1424 1419 1454 et
1443 1419 1637 1463 recipiendis
1662 1418 1806 1451 eleemo-

1151 1478 1249 1520 synis,
1276 1477 1352 1509 508.

1064 1530 1221 1566 CCXXVI.
1236 1531 1326 1563 Prior
1337 1528 1491 1574 praedicti
1502 1528 1685 1561 monasterii
1694 1527 1723 1560 S.
1734 1525 1809 1560 Gre-

1152 1586 1233 1628 gorii
1242 1583 1505 1627 Congregationis
1516 1581 1805 1615 Camaldulensium

1153 1641 1300 1670 censetur
1326 1638 1420 1670 etiam
1445 1639 1630 1679 procurator
1647 1632 1806 1678 generalis

1153 1692 1254 1734 ipsius
1268 1690 1542 1732 Congregalionis,
1561 1689 1635 1722 509.

1064 1744 1236 1779 CCXXVII.
1255 1743 1489 1777 Contu-{uantur
1503 1742 1564 1775 duo
1575 1742 1809 1784 decretasuper

1153 1798 1314 1831 validitate
1329 1796 1561 1840 professionum
1576 1805 1592 1828 a
1608 1794 1758 1828 fratribus
1779 1798 1810 1828 et

1153 1851 1344 1885 monialibus
1355 1851 1452 1884 Tertii
1463 1849 1594 1884 Ordinis
1610 1850 1639 1882 S.
1649 1849 1809 1882 Francisci

1154 1905 1194 1938 de
1208 1905 1405 1937 Poenitentia
1418 1903 1676 1946 congregationis
1688 1901 1809 1935 Galliae

1154 1961 1352 2000 emissarum,
1365 1958 1427 1991 lata
1453 1967 1469 1991 a
1496 1956 1642 2000 praeside
1669 1959 1699 1989 et
1729 1957 1809 1989 assi-

1154 2012 1309 2045 stentibus
1335 2011 1465 2055 capituli
1490 2009 1649 2054 generalis
1665 2009 1808 2042 eiusdem

1154 2066 1411 2109 congregationis
1436 2074 1453 2097 a
1471 2064 1638 2097 Francisco
1655 2062 1809 2097 cardinali

1152 2120 1325 2153 Bar-berino
1350 2118 1550 2162 Apostolieae
1575 2118 1664 2150 Sedis
1685 2119 1716 2150 in
1737 2116 1809 2150 Gal-

1153 2173 1229 2207 liam
1255 2175 1358 2217 legato
1384 2173 1553 2216 deputatis,
1580 2171 1653 2204 510.

1065 2228 1250 2263 CCXxvtll.
1268 2227 1359 2268 Quod
1382 2235 1547 2269 personae,
1563 2235 1620 2268 per
1636 2233 1745 2267 regem
1762 2232 1810 2258 ea-

1154 2282 1305 2315 tliolieum
1320 2281 1358 2314 ad
1369 2280 1525 2313 beneficia
1540 2281 1608 2311 eius
1624 2279 1810 2321 iurispatro-

1154 2340 1245 2370 natus
1278 2335 1551 2379 praesentandae,
1577 2336 1745 2366 teneantur
1777 2333 1810 2365 in

1154 2393 1226 2422 actu
1251 2388 1514 2431 praesentationis
1539 2394 1652 2418 cavere
1679 2385 1718 2417 de
1749 2384 1810 2418 sol-

1154 2443 1259 2476 vendo
1285 2443 1404 2475 fruetus
1429 2442 1523 2474 unius
1555 2441 1675 2473 mensis
1707 2439 1811 2472 eidem

1154 2497 1222 2539 regi
1247 2504 1425 2535 concessos,
1452 2494 1526 2527 514.

1067 2549 1220 2583 CCXXIX.
1231 2549 1377 2582 Declarat
1386 2548 1556 2581 monachos
1565 2546 1749 2580 monasterii
1760 2546 1809 2579 Ri-

1154 2601 1304 2645 polensis,
1319 2601 1450 2636 Ordinis
1465 2601 1495 2634 S,
1513 2599 1688 2641 Benedicti,
1704 2599 1805 2633 teneri

1154 2656 1194 2690 ad
1223 2655 1421 2690 recitandum
1453 2654 1594 2688 officium
1621 2653 1655 2687 B.
1687 2653 1805 2687 Mariae
