2269 3235
111 197 161 224 An.
177 197 207 224 C.
225 195 291 224 1626

138 363 277 385 Prooemium.

247 458 270 476 d·

175 1156 300 1177 asseruntur

117 1185 229 1206 Clementis
262 1185 300 1204 Pu·

117 1217 157 1237 pan
180 1211 225 1232 Vttt
247 1212 300 1231 litte-

117 1244 168 1261 rae.
184 1238 209 1258 de
225 1238 300 1264 quibus

118 1264 140 1284 sit
150 1265 227 1285 mentio
237 1271 257 1285 in
269 1271 300 1285 ru-

117 1291 186 1312 brice.

919 192 1059 215 UnnANUS
1085 192 1139 214 Vttt
1165 192 1211 214 ΡΙ).

510 241 646 269 Urbanus
667 241 745 274 Papa
764 240 841 272 VIII,

430 285 466 313 ad
481 288 656 319 perpetuam
676 284 721 312 rei
742 283 922 312 memoriam.

353 348 471 381 Muneri
496 351 604 382 nostro
629 346 800 390 apostolico
825 345 988 384 incumbit,
1013 349 1043 376 ut

310 412 355 444 ea,
378 412 467 445 quae,
492 412 550 445 pro
574 411 650 444 pace
674 404 704 432 et
724 399 827 442 quiete
852 398 932 430 inter
957 397 1042 429 clu-i-

309 454 457 487 stitideles
481 464 606 495 omnes,
637 451 822 496 pracsertim
854 460 929 482 vero
960 449 1046 481 istius

310 508 470 551 hospitalis
495 507 523 541 S.
550 505 671 539 loannis
696 503 968 546 Hierosolymitani
986 502 1046 534 sra-

311 566 389 602 tres,
416 562 469 606 qui
501 571 576 605 prae
608 558 719 592 ceteris
743 557 836 590 tidem
862 556 1045 589 catholicam

310 615 413 659 quoad
429 619 559 659 possunt
577 623 639 646 non
664 611 757 645 modo
776 620 973 654 promovero,
994 610 1047 642 sed

312 674 341 701 et
365 679 464 712 usquc
487 667 525 700 ad
548 667 674 699 illorum
704 664 881 707 sanguinis,
906 664 1047 707 vitaeque

315 721 528 766 profusionem
553 720 702 752 adversus
725 728 942 762 quoscumque
966 718 1048 749 illius

314 777 417 809 hostes
442 773 606 806 defendere
624 777 654 805 et
670 772 752 805 tueri
777 771 953 815 specialiter
978 782 1049 814 pro-

312 829 452 868 fitentur,
477 826 626 866 fovenda,
651 836 687 858 ac
711 824 907 858 semorendis
932 824 969 856 ab
990 824 1050 856 illis

310 879 411 912 litium
429 884 459 912 ct
479 879 766 912 controversiarum
792 877 941 919 materiis,
966 882 1050 909 recte

310 943 367 977 per
398 933 556 965 Romanos
591 932 757 965 Pontifices
792 932 1051 975 praedecessores

313 992 437 1020 nostros
454 986 598 1019 ordinata
622 986 759 1025 suerunt,
777 986 869 1018 firma
890 990 919 1017 et
936 985 1052 1017 illibata

314 1050 509 1083 permanere,
519 1044 734 1083 quantumque
748 1039 815 1072 sieri
831 1044 934 1082 posset
948 1039 1053 1071 obser-

316 1093 390 1135 vari,
409 1104 564 1126 curemus.

359 1147 374 1191 ξ
398 1147 427 1179 i.
453 1146 535 1179 Alias
560 1146 714 1189 siquidem
739 1156 757 1178 a
781 1145 879 1178 Felicis
905 1144 1052 1178 recorda-

316 1201 410 1234 tionis
433 1201 589 1234 Clemeute
615 1200 697 1243 Papa
724 1200 788 1231 Vlll
813 1199 1053 1243 praedecessore

316 1259 424 1287 nostro
449 1258 635 1287 emanarunt
654 1253 775 1286 litterae
800 1252 917 1285 tenoris
941 1252 1051 1285 subsc-

317 1307 448 1352 quentis,
473 1307 636 1339 videlicet:

495 1362 638 1396 Clemens
662 1361 755 1404 Papa
785 1359 877 1397 VIII,

430 1414 473 1447 acl
496 1415 644 1457 futuram
667 1414 716 1446 'rei
740 1414 942 1446 montorium.

361 1469 445 1503 Inter
462 1467 651 1511 multiplices
676 1478 766 1500 curas
784 1466 924 1499 luu‘neris
941 1467 1057 1500 nostris

317 1522 464 1556 divinitus
488 1521 650 1565 impositas
668 1520 699 1552 in
720 1530 788 1552 eam
814 1520 982 1563 praecipue
1008 1530 1058 1563 pa-

318 1575 442 1609 storalis
455 1575 549 1608 officii
562 1574 662 1607 nostri
675 1573 866 1616 vigilantiam
880 1573 1056 1615 dirigimus⁷

320 1634 352 1662 ut
371 1638 525 1673 personae
542 1628 713 1670 regulares,
732 1637 812 1669 quae
837 1626 894 1658 sub
913 1626 1057 1658 militaris

318 1682 479 1726 religionis
509 1681 612 1721 suavi,
638 1680 823 1724 praesertim
852 1690 927 1712 vero
952 1690 1057 1712 sacrae

319 1736 431 1769 domus
456 1740 486 1768 et
509 1734 672 1778 hospitalis
689 1734 718 1767 S.
736 1732 859 1766 loannis
884 1732 1059 1776 Hierosoly-

320 1789 439 1830 mitani,
457 1788 531 1831 iugo
559 1792 682 1830 gratum
703 1787 765 1819 Deo
785 1786 933 1819 exhibent
956 1787 1057 1819 famu-

322 1843 428 1884 latum,
444 1847 474 1875 et
494 1842 525 1875 in
541 1841 687 1874 universa
709 1840 879 1873 christiana
896 1840 1059 1884 republica

322 1896 471 1929 adversus
484 1895 684 1928 inimicorum
702 1905 831 1927 suorum
856 1894 993 1927 nefarios
1010 1905 1060 1926 au-

322 1960 374 1982 sus
382 1948 574 1982 defendenda
582 1947 725 1991 proprias
738 1947 900 1980 facultates
913 1957 949 1979 ac
964 1947 1058 1979 ritam

323 2003 422 2047 ipsam
437 2002 584 2036 continuo
598 2005 767 2045 exponunt,
781 2001 883 2033 litium
897 2006 926 2033 et
940 2005 1061 2035 contro-

323 2056 496 2090 versiarum
514 2055 626 2100 procul
647 2054 775 2087 semotis
795 2054 1012 2097 incommodis,
1028 2056 1060 2087 in

322 2110 406 2154 pacis
427 2109 615 2143 amoenitate
639 2113 669 2141 et
694 2108 871 2141 animorum
896 2108 1000 2151 quiete
1017 2109 1059 2140 vi-

323 2174 396 2197 vere
411 2163 541 2196 valeant.
562 2163 639 2196 Cum
660 2162 773 2205 itaque,
795 2166 857 2194 tam
882 2172 950 2202 nos,
966 2173 1059 2205 quam

325 2217 428 2249 dilecti
458 2216 514 2249 filii
546 2216 637 2258 Hugo
669 2215 697 2248 S.
730 2214 845 2248 Mariae
875 2215 907 2247 in
936 2216 1062 2248 Porticu

326 2269 474 2302 diaconus
493 2269 668 2309 cardinalis,
687 2279 820 2312 magnus
837 2268 997 2311 magister,
1016 2269 1061 2301 vi-

327 2332 402 2365 gore
428 2322 588 2355 cuiusdam
613 2322 724 2355 indulti
752 2322 811 2356 sibi
840 2332 856 2354 a
886 2323 984 2355 felicis
1013 2334 1061 2355 re-

327 2376 516 2410 cordationis
539 2377 624 2410 Sixto
648 2377 730 2420 Papa
766 2377 788 2409 V
820 2376 1063 2420 praedecessore

327 2435 436 2463 nostro
460 2430 608 2471 concessi,
627 2434 656 2462 et
673 2434 843 2463 conventus
860 2429 933 2462 dicti
957 2430 1062 2472 hospi-

329 2483 398 2516 talis
422 2482 542 2527 aliquas
569 2482 733 2526 dignitates
763 2483 900 2525 Linguae
924 2483 1064 2525 Angliae,

329 2542 360 2570 et
382 2535 421 2569 ad
440 2545 509 2569 earn
529 2540 702 2579 spectantes
715 2536 734 2579 ¹,
762 2536 893 2568 diversis
915 2535 1065 2569 fratribus

366 2601 377 2626 1
391 2598 511 2627 Erronee
522 2598 583 2627 edit.
596 2599 678 2627 Main.
691 2599 755 2635 legit
764 2599 957 2635 spectantibus
967 2599 1003 2634 (R.
1015 2599 1064 2632 r.).

1080 239 1231 271 militibus
1255 237 1328 270 dicti
1350 236 1513 281 hospitalis
1538 236 1762 267 contium-mm<
1787 241 1817 267 et

1080 291 1338 331 eoncesseriiuus,
1358 291 1477 334 ipsique
1495 288 1678 322 contult-rint
1703 292 1731 321 et
1747 298 1817 320 cou—

1080 346 1239 387 ces-serint,
1254 349 1346 388 prout
1361 345 1389 376 in
1406 343 1536 375 dirersis
1550 352 1674 385 quoque
1692 341 1816 379 nostris,

1080 403 1109 429 et
1127 398 1252 430 illorum
1271 397 1437 441 supe-rituli¹
1459 396 1606 429 consertis
1628 394 1738 427 litteris
1758 395 1818 437 1³1¹*-

1080 451 1149 482 nius
1173 451 1367 489 continuum-3
1389 450 1521 492 hincque
1549 448 1606 492 ipsi
1624 448 1667 480 sic
1691 447 1816 490 provisi,

1081 503 1172 536 etiam
1190 504 1243 546 qui
1261 514 1296 535 ex
1318 503 1425 543 Augila
1441 514 1501 534 non
1526 502 1595 541 siut,
1614 500 1818 544 praetenderi-

1080 556 1209 599 possint⁷
1227 561 1389 599 praetextu
1414 555 1457 587 eis
1481 556 1663 587 collatarum
1685 554 1819 594 ‹lignita-

1083 614 1146 641 ttuu
1163 609 1354 649 huiusmodi,
1368 609 1439 649 eligi
1460 609 1488 640 in
1507 619 1672 640 numerum
1695 608 1818 639 illorum

1082 668 1162 703 octo,
1177 664 1214 695 ad
1229 674 1307 706 quos
1319 663 1430 694 electio
1445 662 1657 695 triumviratus
1671 672 1728 705 pro
1742 662 1821 693 nora

1082 716 1234 749 electione
1262 715 1370 757 magni
1397 714 1537 755 magistri
1569 714 1640 745 dicti
1661 713 1821 757 hospitalis

1083 769 1224 802 Facienda
1249 779 1308 812 pro
1333 773 1476 811 tempore
1500 772 1638 810 spectat,
1664 777 1718 799 seu
1747 767 1822 798 alias

1083 823 1140 866 ipsi
1166 822 1255 855 electi
1280 821 1486 860 intervenire,
1511 819 1593 863 quod
1621 824 1725 851 tamen
1749 819 1823 851 solis

1084 876 1173 919 regni
1197 875 1337 918 Aninae,
1354 873 1523 907 Hiberniae
1540 878 1571 905 et
1587 873 1720 905 aliorum
1739 873 1817 905 loco-

1084 940 1155 962 rum
1173 929 1230 963 sub
1247 929 1366 971 Lingua
1382 927 1512 969 Angliae
1522 926 1823 969 comprehensorum

1085 982 1236 1024 oriundis,
1252 982 1349 1014 dictas
1362 980 1528 1023 dignitates
1541 990 1599 1023 pro
1615 985 1754 1022 tempore
1772 979 1826 1012 ob·

1087 1036 1270 1075 liuentibus,
1289 1035 1372 1067 iuxta
1390 1036 1521 1067 l'ormam
1541 1033 1823 1065 stabilimentorum

1086 1090 1186 1122 dictae
1213 1088 1376 1131 religionis
1406 1092 1584 1130 competere
1613 1086 1824 1129 dignoscitur:

1087 1154 1153 1183 nos,
1163 1142 1386 1175 controversiis
1396 1146 1425 1173 et
1439 1140 1656 1179 incommodis,
1666 1150 1745 1183 quae
1756 1139 1826 1171 inde

1087 1196 1254 1240 provenire
1264 1200 1401 1239 possent,
1412 1195 1550 1235 obviare,
1565 1199 1594 1226 et
1609 1194 1683 1226 alias
1698 1194 1727 1225 in
1741 1204 1828 1237 prae-

1088 1250 1191 1282 missis
1203 1249 1240 1281 de
1251 1254 1449 1293 opportunae
1459 1247 1678 1281 declarationis
1688 1247 1826 1279 remedio

1088 1303 1255 1346 providere
1271 1303 1422 1343 volentes7
1441 1306 1527 1334 motu
1545 1301 1686 1344 proprio,
1710 1311 1773 1333 non
1789 1301 1826 1332 ad

1089 1357 1220 1389 alieuius
1237 1367 1333 1399 super
1350 1356 1408 1388 lioc
1426 1355 1516 1387 nobis
1529 1355 1649 1387 oblatae
1669 1354 1828 1397 petitionis

1090 1411 1279 1449 instantiam,
1296 1409 1349 1441 sed
1367 1419 1402 1441 ex
1417 1410 1502 1441 certa
1520 1408 1649 1441 seientia
1666 1407 1742 1440 etde
1755 1417 1829 1450 apo-

1091 1464 1217 1496 stolicae
1231 1463 1392 1507 potestatis
1406 1462 1609 1505 plenitudine,
1620 1466 1729 1494 tenore
1742 1471 1830 1504 prae-

1091 1517 1235 1555 sentium,
1255 1516 1454 1548 decernimus
1471 1519 1501 1548 et
1518 1515 1723 1554 declaramus,
1741 1524 1828 1558 prae-

1091 1570 1169 1603 fatos
1186 1580 1203 1601 a
1219 1569 1319 1608 nobis,
1335 1579 1371 1601 ac
1397 1579 1511 1610 magno
1537 1568 1688 1610 magistro
1713 1573 1742 1599 et
1759 1578 1831 1600 con-

1092 1630 1184 1656 ventu
1214 1623 1399 1666 praedictis,
1425 1622 1462 1654 de
1487 1620 1621 1664 quibus¹
1650 1621 1830 1653 huiusmodi

1091 1676 1294 1719 dignitatibus
1319 1675 1356 1707 ad
1385 1675 1499 1707 dictam
1524 1675 1675 1717 Linguam
1701 1675 1829 1717 Angliat¹

1092 1730 1303 1774 spectantibus
1318 1728 1554 1773 quomodolibet
1570 1732 1600 1761 et
1619 1728 1832 1771 quandocum-

1092 1794 1152 1827 que
1166 1783 1319 1827 prorisos‚
1334 1787 1363 1815 et
1379 1786 1542 1825 praetextu
1556 1781 1693 1814 cuiusvis
1711 1781 1831 1818 indulti,

1093 1842 1145 1870 aut
1158 1837 1243 1877 alias,
1260 1847 1323 1869 non
1340 1846 1433 1879 posse
1450 1845 1552 1878 neque
1570 1834 1683 1867 debere
1703 1834 1733 1866 in
1746 1845 1833 1878 prae-

1093 1892 1171 1923 fatos
1188 1895 1258 1923 octo
1276 1891 1427 1923 electores
1439 1889 1521 1930 eligi,
1532 1899 1633 1931 neque
1644 1887 1833 1920 intervenire

1093 1945 1185 1978 alicui
1202 1944 1346 1978 electioni
1367 1943 1503 1976 cuiusvis
1523 1943 1620 1975 futuri
1645 1942 1750 1984 magni
1768 1952 1833 1974 ma-

1094 1999 1183 2041 gistri
1208 1998 1283 2031 dicti
1307 1997 1481 2041 hospitalis⁷
1502 1997 1687 2039 nullumque
1705 1995 1763 2036 ius,
1783 2006 1834 2028 ne-

1094 2063 1153 2096 que
1170 2052 1325 2085 actionem
1342 2051 1386 2083 eis
1402 2051 1536 2093 desuper
1554 2054 1742 2093 competere,
1759 2049 1832 2081 duni

1093 2106 1259 2149 dignitates
1279 2104 1459 2137 huiusmodi
1481 2103 1676 2142 retinuerint,
1697 2103 1756 2135 nisi
1775 2102 1831 2145 ipsi

1094 2160 1137 2192 sic
1162 2159 1280 2203 provisi
1305 2164 1334 2191 et
1359 2157 1526 2200 dignitates
1551 2157 1634 2200 ipsas
1659 2156 1834 2189 obtinentes

1095 2225 1129 2246 cx
1155 2213 1245 2245 dictis
1267 2213 1372 2255 regnis
1392 2211 1517 2245 oriundi
1535 2216 1564 2243 et
1584 2210 1698 2242 ibidem
1720 2209 1783 2242 sive
1804 2210 1834 2242 in

1095 2267 1246 2299 limitibus
1263 2266 1363 2298 dictae
1388 2265 1524 2306 Linguae
1548 2263 1611 2295 nati
1637 2263 1711 2302 sint;
1729 2262 1834 2306 sicque

1096 2320 1188 2353 etiam
1212 2330 1269 2363 per
1292 2319 1443 2362 ipsosmet
1467 2327 1617 2359 magnum
1650 2316 1835 2359 magistrum

1096 2379 1125 2407 et
1154 2377 1359 2413 conventum7
1385 2382 1422 2403 ac
1450 2370 1576 2413 quosvis
1608 2369 1685 2401 alios
1718 2369 1835 2403 iudices

1097 2426 1324 2460 ecclesiasticos
1345 2430 1374 2457 et
1398 2424 1555 2457 seculares
1572 2422 1681 2466 quavis
1704 2423 1837 2455 auetori-

1099 2485 1159 2513 tate
1183 2480 1358 2521 fungentes,
1376 2477 1497 2509 sublata
1521 2476 1565 2509 eis
1589 2480 1620 2508 et
1643 2486 1754 2509 eorum
1771 2476 1836 2508 cui-

1098 2534 1173 2567 libet
1197 2532 1305 2576 quavis
1330 2531 1419 2563 aliter
1445 2529 1601 2563 iudicandi
1626 2534 1656 2562 et
1680 2529 1835 2573 interpre-

1137 2597 1146 2623 1
1165 2595 1214 2623 Vel
1228 2594 1288 2630 tege
1303 2593 1455 2630 quibusvis,
1472 2592 1513 2620 vel
1528 2592 1588 2620 dele
1603 2592 1703 2628 quibus
1718 2591 1756 2627 (a.
1769 2592 1817 2626 T.).

1722 178 1786 211 405
1833 187 1880 212 An.
1899 186 1925 212 c.
1946 186 2013 211 16⁹2ss
