2269 3235
115 272 164 300 An.
180 272 209 299 C.
230 271 299 300 1624

139 654 253 676 Exordium

148 1346 297 1372 Compi-obatio

115 1374 229 1399 gratiarum
278 1374 298 1392 et

113 1400 298 1425 privilegiorumut

114 1428 135 1446 in
143 1426 237 1446 rubrica.

924 269 1065 294 URBANUS
1090 269 1146 293 vm
1169 270 1216 294 PP.

359 318 482 352 larium
510 317 777 352 Ministrantium
805 316 969 360 infirmis,
999 327 1051 350 eo-

357 382 497 416 rumque
519 372 595 405 locis
618 376 647 405 et
669 372 816 416 personis
836 381 1055 404 concessorum

357 429 386 459 et
406 424 677 459 concedendorum
691 425 710 458 ¹.

518 506 653 533 urbanus
673 505 752 538 Papa
772 503 850 536 VIII,

436 560 471 586 ad
491 561 668 593 perpetuam
688 557 732 584 rei
752 556 934 584 memoriam.

357 640 594 674 Sacrosanctum
606 637 798 682 apostolatus
812 636 961 675 officium,
971 635 1054 680 quod

313 693 520 727 humilitatem
545 695 699 731 nostram,
724 691 811 723 nullo
836 690 907 723 licet
931 689 1056 722 merito-

313 757 385 780 rum
411 745 579 789 suffragio,
608 754 719 787 gerere
744 744 841 777 voluit
865 743 1054 783 Altissimus,

313 800 430 843 iugiter
453 799 610 843 postulat,
634 803 677 838 ut,
704 802 867 841 paternam
893 807 1053 830 sacrarum

312 853 502 895 religionum
522 855 615 895 atque
633 850 924 894 congregationum,
942 850 1056 882 uberes

313 911 344 938 et
367 916 477 939 suaves
494 904 526 937 in
543 904 688 938 militanti
716 904 854 937 Ecclesia
873 904 993 937 fructus
1010 914 1057 936 as-

312 958 401 992 sidue
424 957 662 1003 praestantium,
684 968 791 990 curam
816 962 972 1000 gerentes,
992 957 1055 1000 pri-

313 1012 437 1055 vilegia,
454 1012 571 1055 gratias
590 1017 619 1044 et
640 1011 769 1051 indulta,
795 1011 856 1043 illis
873 1021 889 1043 a
910 1010 1056 1044 Romanis

315 1066 519 1100 Pontificibus
533 1065 830 1110 praedecessoribus
843 1065 959 1098 nostris
976 1075 1053 1098 con·

315 1130 412 1160 cessa,
429 1129 492 1152 non
510 1119 611 1152 solum
630 1118 854 1162 approbemus,
872 1129 979 1151 verum
998 1118 1057 1150 alia

314 1173 359 1207 eis
384 1172 612 1213 concedamus,
633 1177 738 1216 prout,
756 1182 861 1204 rerum
887 1177 918 1204 et
942 1177 1058 1215 tempo-

314 1237 385 1260 rum
410 1225 613 1270 qualitatibus
638 1225 741 1258 debite
766 1225 916 1269 pensatis,
939 1225 1059 1269 conspi-

315 1280 415 1313 cimus
438 1279 606 1312 salubriter
631 1279 663 1310 in
687 1278 820 1311 Domino
846 1278 1002 1321 expedire.

358 1333 373 1376 ἓ
397 1332 426 1365 l.
452 1333 531 1365 Hinc
555 1331 703 1376 estquod
727 1342 796 1371 nos,
822 1331 952 1365 dilectos
977 1331 1059 1364 filios

312 1387 427 1420 fratres
439 1385 699 1429 Congregationis
716 1385 843 1418 loannis
865 1385 918 1418 Dei
939 1386 996 1418 sub
1015 1396 1060 1418 re-

313 1441 387 1484 gula
411 1441 440 1474 S.
465 1439 640 1483 Augustini,
666 1439 736 1483 qui,
762 1439 842 1473 sicut
866 1439 1059 1485 accepimus,

313 1493 351 1527 ab
376 1494 444 1537 ipso
467 1493 728 1536 Congregationis
765 1492 942 1536 praedictae
972 1493 1060 1526 initio

314 1547 499 1592 multiplicia
527 1552 620 1590 atque
645 1546 778 1589 insignia
793 1546 915 1590 pietatis
933 1552 962 1579 et
980 1547 1061 1580 chri-

314 1602 433 1636 stianae
458 1601 618 1634 charitatis
643 1611 738 1645 opera
763 1612 839 1644 erga
859 1611 1014 1645 pauperes
1031 1607 1060 1634 et

314 1656 467 1696 infirmos,
486 1656 517 1688 in
535 1665 645 1689 eorum
666 1655 874 1699 hospitalibus
899 1655 1058 1698 degentes,

314 1720 429 1753 magno
454 1719 527 1742 cum
552 1708 746 1752 reipublicae
777 1709 966 1741 christianae
990 1708 1055 1752 spi-

313 1763 419 1797 rituali
445 1762 612 1797 commodo
630 1767 660 1795 et
685 1762 818 1795 utilitate
839 1768 1058 1803 exercuerunt,

314 1822 346 1852 et
362 1817 394 1850 in
411 1817 478 1850 dies
499 1827 647 1850 exercere
663 1826 726 1849 non
745 1816 900 1857 desinunt,
915 1817 1060 1860 spiritua-

314 1870 398 1904 libus
422 1870 583 1904 favoribus
608 1875 637 1903 et
662 1869 772 1913 gratiis
789 1870 938 1914 prosequi
958 1870 1060 1903 volen-

315 1930 381 1965 tes,
412 1930 442 1958 et
465 1935 483 1957 a
513 1925 674 1968 quibusvis
706 1924 1057 1965 excommunicationis,

316 1978 530 2022 suspensionis
555 1983 585 2011 et
608 1978 778 2016 interdicti,
805 1979 939 2022 aliisque
963 1979 1060 2011 eccle-

315 2032 448 2065 siasticis
473 2032 652 2072 sententiis,
678 2032 819 2065 censuris
844 2037 873 2065 et
897 2032 1017 2075 poenis,
1042 2042 1059 2064 a

315 2085 384 2119 iure
404 2086 452 2118 vel
473 2085 510 2118 ab
531 2086 669 2125 homine,
696 2086 805 2130 quavis
829 2086 994 2119 occasione
1012 2086 1058 2119 vel
1075 2090 1076 2098 ¹

316 2141 410 2172 causa
434 2139 522 2180 latis,
548 2140 573 2172 si
598 2140 712 2183 quibus
745 2139 983 2183 quomodolibet
1015 2139 1058 2172 in-

317 2247 479 2280 dumtaxat
517 2247 796 2291 consequendum,
830 2247 943 2280 harum
977 2248 1056 2281 serie

316 2300 513 2334 absolventes
537 2306 567 2334 et
591 2301 751 2335 absolutos
785 2302 851 2334 sore
876 2307 1075 2349 censentes*¹

318 2354 600 2398 supplicationibus
615 2365 726 2389 eorum
746 2355 872 2388 nomine
889 2355 980 2388 nobis
1000 2366 1058 2399 per

353 2462 364 2489 1
383 2461 581 2489 institutionem
593 2463 814 2498 Congregationis
828 2464 927 2490 horum
944 2464 1056 2491 fratrum

317 2596 485 2623 erectionem
497 2594 524 2621 in
537 2603 627 2622 veram
640 2596 795 2632 religionem
811 2598 897 2635 habes
913 2598 939 2624 in
953 2598 1025 2625 Pauli
1043 2599 1060 2624 V

316 2640 408 2667 Const.
426 2646 521 2667 chx-iu
536 2639 572 2673 (in
588 2640 614 2667 h.
633 2649 659 2667 n.
676 2641 739 2668 edit.
756 2644 864 2677 chxvi)
879 2651 948 2678 quae
965 2643 1060 2678 incipit
1076 2657 1078 2662 ν

315 2685 475 2719 Romanus,
491 2689 557 2712 torn.
574 2692 622 2720 1111,
638 2693 699 2721 pag.
719 2685 744 2713 3.

436 2739 515 2767 Bult.
530 2739 615 2767 Rom.
627 2754 661 2759 —-
680 2739 740 2767 Vol.
757 2740 840 2768 XIII.
1003 2741 1038 2768 22

1074 2146 1076 2184 j
1094 2140 1177 2174 modi
1194 2141 1343 2174 exercitio
1359 2141 1510 2182 insistant,
1529 2146 1644 2184 quanto
1663 2141 1835 2174 maioribus
1851 2132 1930 2174 ss'ii'iun.

315 2193 422 2227 nodati
447 2193 592 2234 existunt,
610 2194 648 2226 ad
673 2193 818 2226 effectum
844 2187 1076 2237 praesentium'
1857 2186 1859 2188 ¹

1728 255 1794 290 169
1840 265 1933 293 Amc.
1956 265 2025 294 1624

1088 317 1236 350 dilectum
1268 316 1368 349 silium
1401 315 1570 359 Gasparcm
1601 313 1673 347 Diaz
1697 313 1828 358 Campo-

1089 381 1207 410 manes,
1225 369 1314 402 istius
1326 367 1585 412 Congregationis
1599 367 1629 400 in
1644 367 1750 410 regnis
1765 367 1829 400 llis-

1089 423 1253 466 paniarum
1270 428 1508 466 procuratorem
1524 421 1715 464 generalem,
1732 431 1828 465 super

1089 477 1149 510 hoc
1166 477 1329 509 humiliter
1346 476 1501 520 porrectis
1520 475 1670 514 inclinati,
1683 475 1789 508 omnia
1800 480 1831 508 et

1089 529 1211 572 singula
1226 529 1401 572 privilegia,
1420 529 1643 568 immunitates,
1661 516 1831 573 exemptio-

1088 593 1154 623 nes,
1169 582 1339 622 libertates,
1355 583 1600 625 praerogativas,
1614 582 1746 623 savoreS,
1761 592 1832 615 con-

1090 636 1293 675 servationes,
1318 635 1445 678 gratias,
1470 635 1707 675 concessiones,
1733 636 1832 668 indul·

1089 689 1210 732 gentias
1222 694 1251 722 et
1265 688 1383 722 indulta
1396 688 1571 731 spiritualia
1588 694 1617 720 ct
1634 689 1831 731 temporalia,

1090 743 1183 776 etiam
1215 754 1272 787 per
1312 742 1441 776 modum
1474 742 1770 775 communicationis
1802 748 1832 775 et

1090 797 1301 837 extensionis,
1329 808 1384 830 seu
1417 797 1492 829 alias
1526 807 1583 840 per
1615 806 1832 840 quoscumque

1090 853 1248 885 Romanos
1279 851 1446 885 Pontifices
1477 849 1738 894 praedecessores
1769 859 1828 882 no-

1090 911 1171 939 stros
1196 916 1232 939 ac
1252 916 1309 939 nos
1334 910 1364 938 ct
1389 904 1599 948 Apostolicam
1626 903 1750 943 Sedem,
1774 903 1832 936 sub

1091 970 1290 1004 quacumque
1318 959 1488 992 verborum
1521 958 1621 991 forma
1650 962 1680 990 et
1704 967 1832 1000 expres-

1091 1013 1188 1053 sione,
1203 1014 1234 1046 in
1251 1023 1367 1056 genere
1392 1017 1422 1045 et
1447 1012 1478 1044 in
1503 1011 1617 1056 specie,
1638 1011 1833 1055 quomodoli-

1091 1067 1144 1100 bet
1169 1077 1328 1107 concessa,
1346 1077 1382 1099 ac
1398 1065 1516 1110 plu-ries
1542 1064 1738 1104 confirmata,
1760 1075 1832 1098 cum

1091 1120 1237 1153 omnibus
1261 1125 1291 1152 et
1316 1120 1447 1162 singulis
1465 1119 1494 1151 in
1513 1119 1557 1151 eis
1573 1119 1726 1152 contentis
1747 1119 1832 1151 clau-

1092 1174 1178 1214 sulis,
1199 1174 1334 1207 decretis
1359 1180 1389 1206 et
1414 1173 1689 1214 declarationibus,
1714 1183 1750 1206 ac
1775 1173 1834 1206 sin-

1092 1228 1182 1270 gulas
1207 1227 1336 1267 litteras,
1361 1233 1423 1259 tam
1447 1227 1504 1260 sub
1529 1227 1669 1270 plumbo,
1689 1237 1783 1270 quam
1803 1226 1833 1259 in

1094 1281 1195 1313 forma
1216 1280 1332 1319 Brevis,
1350 1286 1403 1312 aut
1423 1280 1498 1312 alias
1515 1280 1650 1323 desuper
1668 1280 1833 1320 consectas,

1094 1338 1246 1376 quatenus
1270 1339 1375 1366 tamen
1400 1333 1462 1365 sint
1486 1333 1517 1365 in
1543 1344 1601 1365 usu
1633 1338 1663 1366 et
1687 1344 1749 1366 non
1773 1334 1835 1367 sint

1094 1392 1248 1427 revocata,
1263 1397 1317 1419 seu
1330 1386 1387 1419 sub
1411 1386 1568 1430 aliquibus
1584 1387 1835 1420 revocationibus

1095 1440 1344 1483 comprehensa,
1380 1450 1416 1472 ac
1448 1440 1545 1472 sacris
1578 1440 1769 1480 canonibus,
1806 1446 1836 1473 et

1094 1494 1222 1527 Concilii
1239 1493 1410 1527 Tridentini
1428 1493 1562 1526 decretis
1587 1504 1648 1526 non
1673 1494 1836 1527 adversen-

1095 1554 1155 1587 tur,
1176 1553 1285 1581 tenore
1306 1548 1531 1592 praesentium,
1545 1554 1698 1592 perpetuo
1723 1559 1836 1593 appro-

1095 1603 1204 1636 bamus
1230 1608 1260 1635 et
1280 1603 1517 1643 confirmamus,
1535 1613 1570 1636 ac
1588 1603 1648 1636 illis
1666 1608 1835 1647 perpetuae

1094 1663 1123 1689 et
1147 1656 1335 1689 inviolabilis
1355 1657 1545 1711 aQstolicae
1565 1656 1723 1689 firmitatis
1737 1657 1835 1690 robur

1093 1709 1269 1749 adiicimus,
1282 1721 1455 1754 omnesque
1470 1716 1499 1743 et
1516 1711 1657 1753 singulos
1676 1715 1737 1744 tam
1757 1711 1835 1744 iuris

1093 1774 1187 1807 quam
1213 1764 1283 1797 facti
1309 1768 1338 1798 et
1367 1764 1494 1808 quosvis
1519 1765 1596 1797 alios
1621 1764 1714 1797 etiam
1740 1775 1835 1808 quan-

1092 1818 1208 1851 tumvis
1232 1818 1449 1852 substantiales
1474 1818 1627 1858 defectus,
1653 1819 1677 1851 si
1702 1818 1754 1862 qui
1780 1819 1834 1852 de-

1093 1883 1189 1916 super
1218 1872 1458 1916 quomodolibet
1489 1872 1735 1913 intervenerint,
1760 1883 1833 1916 sup-

1092 1926 1224 1970 plenius.

1138 1980 1152 2023 ἓ
1176 1980 1205 2013 ῐὶ.
1231 1980 1269 2013 Et
1293 1980 1438 2024 insuper,
1462 1985 1497 2013 ut
1520 1980 1632 2013 fratres
1656 1980 1834 2023 Congrega-
1860 2017 1863 2019 Α
1889 1991 2034 2022 cammunica-

1094 2033 1186 2066 tionis
1210 2034 1390 2067 huiusmodi
1416 2039 1501 2067 tanto
1526 2034 1695 2067 ferventius
1722 2034 1834 2067 divinis
1851 2020 2034 2089 'ifssffillsssi‘liffissssil

1950 2072 2035 2092 Ofilii-t-

1949 2105 1965 2117 Ι,
2000 2106 2003 2108 ,

1093 2086 1318 2130 beneplacitis,
1343 2087 1531 2130 piorumque
1564 2097 1696 2130 operum
1729 2087 1835 2120 huius-
1859 2078 1888 2115 :¹¹2

1092 2204 1124 2226 se
1150 2194 1285 2227 viderint
1309 2194 1526 2238 spiritualibus
1550 2194 1659 2236 gratiis
1680 2195 1746 2227 sore
1772 2186 2035 2235 niti-‘riuniinmaffln-

1092 2248 1184 2288 nuos,
1202 2248 1308 2281 omnia
1329 2253 1358 2279 et
1376 2248 1498 2290 singula
1515 2248 1690 2292 privilegia,
1710 2259 1836 2292 praero-
1852 2235 1902 2252 ’Μ’
1949 2233 2035 2251 mmm

1851 2264 1999 2279 concessorum
2015 2261 2036 2278 et

1092 2303 1222 2345 gativas,
1247 2302 1476 2342 concessiones,
1501 2302 1638 2341 savoreS,
1663 2303 1835 2343 l'acultates,
1851 2285 2035 2306 ⁰⁰¹¹⁰⁸d⁶⁰d⁰¹⁰m

1073 2373 1075 2391 i
1092 2357 1330 2397 declarationes,
1342 2357 1600 2395 conservatorias,
1612 2357 1835 2398 immunitates,

1093 2411 1317 2455 exemptiones,
1327 2411 1497 2451 libertates,
1512 2416 1695 2454 ceterasque
1709 2411 1836 2453 gratias,

1074 2485 1076 2503 t
1094 2465 1357 2509 praeeminentias
1371 2470 1400 2497 et
1421 2465 1548 2505 indulta,
1560 2464 1697 2497 cuiusvis
1711 2465 1836 2507 generis

316 2507 427 2542 perlege
438 2514 464 2533 tn
482 2506 552 2533 PiiV
568 2507 659 2534 Consi.
673 2515 750 2535 cxciv
762 2517 831 2544 quae
847 2509 956 2544 incipit:
973 2510 1058 2541 Licet,
1093 2519 1268 2559 existentia,
1280 2518 1455 2562 spit‘itualia
1470 2524 1499 2550 et
1512 2519 1708 2562 temporalia,
1722 2519 1838 2562 qualia,

314 2551 354 2587 (in
368 2550 394 2577 h.
412 2559 438 2577 n.
452 2551 517 2577 edit.
530 2558 617 2585 ccxtV,
635 2556 701 2579 tom.
715 2559 759 2586 vu,
776 2562 837 2589 pag.
854 2554 931 2588 959),
949 2558 975 2580 et
989 2555 1077 2581 illius*

1095 2583 1231 2615 cumque
1248 2572 1299 2604 illa
1320 2572 1390 2611 sint,
1409 2582 1489 2614 quae
1506 2571 1626 2615 pariter
1642 2572 1702 2606 sint
1720 2572 1750 2604 in
1769 2583 1837 2613 usu,

1095 2631 1125 2659 et
1148 2636 1211 2659 non
1243 2625 1304 2658 sint
1333 2631 1478 2658 revocata
1512 2626 1558 2658 vel
1591 2625 1648 2658 sub
1680 2626 1836 2669 aliquibus

1095 2678 1346 2712 revocationibus
1360 2679 1598 2723 comprehensa,
1615 2690 1716 2724 neque
1738 2680 1836 2713 sacris
