2279 3270
649 480 996 566 LECTORI
1051 454 1467 564 BENEvoto

493 700 942 753 EDITORES
991 697 1625 751 TAURINENSES

1036 880 1076 921 S.

317 1528 513 1573 Orbitatis
543 1529 635 1581 plus
667 1543 793 1582 quam
819 1529 1059 1581 septuennis
1080 1528 1210 1571 luctui
1231 1528 1356 1571 finem
1386 1529 1554 1571 tandem
1586 1529 1852 1580 imponimus.

264 1601 329 1643 En
358 1601 507 1643 iterum
538 1601 675 1643 Editio
705 1601 806 1643 haec
827 1608 967 1642 nostra
989 1600 1125 1652 prodit
1146 1600 1342 1652 inscripta
1364 1600 1486 1641 fronti
1512 1614 1559 1642 ac
1588 1600 1781 1641 nobiliter
1811 1600 1852 1641 in

264 1678 485 1724 conspectu
516 1672 704 1714 omnium
734 1672 1007 1714 condecorata
1038 1678 1077 1713 et
1100 1677 1221 1713 aucta
1250 1671 1368 1713 titulo
1401 1671 1570 1713 Patroni
1602 1670 1850 1712 Eminentis-

264 1744 373 1794 simi,
404 1745 522 1786 cuius
551 1758 702 1786 nomen
734 1743 988 1796 amplissima
1009 1743 1111 1793 laus,
1139 1743 1257 1785 cuius
1286 1742 1573 1786 benevolentia
1603 1742 1724 1784 dulce
1754 1741 1854 1783 sola-

263 1815 378 1864 tium,
410 1816 528 1858 cuius
559 1816 811 1868 praesidium
842 1814 961 1857 firma
992 1815 1189 1857 securitas
1219 1821 1291 1856 est.

317 1886 523 1939 Equidem
560 1887 695 1930 dicere
728 1901 812 1929 non
849 1901 1073 1939 possumus
1109 1893 1313 1938 quantum
1349 1885 1470 1927 nobis
1500 1899 1584 1926 non
1617 1884 1752 1926 solum
1784 1884 1851 1926 do-

263 1957 360 2000 loris
391 1958 462 2001 sed
492 1965 531 2001 et
558 1959 740 2001 iacturae
769 1958 961 2001 attulerat
990 1958 1124 2000 bonae
1154 1965 1277 2009 atque
1307 1957 1504 1999 colendae
1534 1956 1681 2007 iugiter
1702 1969 1857 1997 memo-

263 2029 345 2071 riae
377 2029 605 2073 FRANmsei
635 2030 788 2072 GAUDE
818 2044 866 2072 ex
895 2029 1034 2072 inclito
1066 2029 1406 2071 praedicatorum
1439 2026 1595 2069 Ordine
1625 2026 1856 2068 Cardinalis

264 2100 504 2152 amplissimi
534 2116 857 2154 praeproperum
879 2102 1021 2147 satum,
1043 2101 1113 2153 qui
1135 2101 1260 2142 huius
1281 2107 1446 2141 nostrae
1468 2098 1673 2140 Editionis
1699 2097 1856 2139 nedum

263 2170 484 2223 Patronus,
504 2188 649 2216 verum
680 2174 802 2216 etiam
823 2173 875 2215 ab
897 2173 1025 2225 ipsius
1046 2171 1322 2217 incunabulis,
1341 2184 1468 2223 prope
1490 2169 1675 2218 dixerim,
1698 2168 1856 2210 Parens

264 2249 303 2286 et
330 2244 498 2295 Auctor,
529 2252 696 2297 propter
716 2259 819 2295 eam,
851 2258 933 2297 qua
962 2257 1038 2287 nos
1068 2257 1257 2296 opusque
1286 2249 1477 2284 nostrum
1509 2240 1855 2294 prosequebatur,

266 2316 495 2358 comitatem
527 2323 565 2360 et
586 2316 928 2366 benevolentiam,
949 2329 1168 2368 nunquam
1189 2328 1273 2357 non
1294 2328 1370 2356 nos
1400 2313 1568 2356 iuvabat
1599 2325 1734 2364 opera,
1765 2325 1857 2353 con-

265 2385 374 2433 siliis,
403 2388 573 2438 auxilio;
603 2389 796 2431 laborum
826 2395 864 2431 et
893 2388 980 2441 ipse
1009 2402 1094 2430 una
1122 2387 1253 2429 factus
1282 2386 1503 2428 nobiscum
1539 2383 1859 2436 vigiliarumque

264 2457 477 2510 particeps,
494 2459 621 2502 dubia
641 2460 841 2512 aperiens,
863 2459 998 2512 operis
1019 2459 1131 2512 apud
1154 2458 1367 2501 universos
1389 2456 1599 2498 Ecclesiae
1621 2453 1858 2496 Catholicae

264 2527 483 2572 Praesules
511 2531 645 2574 fautor
675 2539 714 2574 et
744 2531 1076 2580 commendator,
1107 2536 1163 2579 et,
1195 2529 1306 2582 quod
1338 2528 1467 2580 pluris
1489 2534 1560 2577 est,
1588 2527 1856 2568 innumerum

264 2598 579 2643 Pontificiorum
608 2602 894 2655 Diplomatum
920 2602 971 2644 ad
991 2601 1256 2654 Appendicem
1287 2599 1618 2642 concinnandam
1643 2597 1856 2648 undequa-

265 2684 346 2723 que
376 2672 628 2724 conquisitor
658 2682 696 2717 et
726 2674 919 2717 collector
939 2673 1132 2717 assiduus
1162 2685 1209 2715 ac
1231 2671 1571 2722 studiosissimus.
1594 2668 1712 2712 Ultro
1735 2667 1853 2715 enim,
