2269 3235
95 247 144 275 An.
160 246 189 274 C.
211 245 278 273 1626

900 245 1042 269 unnANUS
1060 245 1116 269 VIII
1136 245 1183 268 ΙΨ.

294 302 382 327 suras
395 297 425 325 et
440 302 557 337 poenas
574 294 810 335 ecclesiasticas,
825 294 1032 337 appellatione

294 346 478 390 postposita,
490 347 728 391 compescendo,
740 357 871 388 necnon,
884 346 1033 388 legitimis

295 410 390 443 super
414 399 462 432 his
486 400 637 433 habendis
661 400 790 434 servatis
814 398 1032 443 processibus,

295 462 442 486 censuras
461 458 491 486 et
507 464 623 497 poenas
641 454 723 498 ipsas
747 453 840 486 etiam
858 452 976 485 iteratis
993 452 1035 484 vi-

295 505 383 539 cibus
408 507 618 550 aggravando,
636 507 778 539 invocato
797 506 888 540 ctiam
906 504 944 537 ad
963 504 1033 545 hoc,

295 559 320 591 si
344 570 425 603 opus
453 560 563 602 fuerit,
589 560 705 593 auxilio
728 559 850 592 brachii
874 558 1032 592 secularis.

295 612 362 645 Non
387 613 529 646 obstante
548 613 705 647 voluntate
728 614 836 646 nostra
856 611 1033 656 praedicta,

294 675 418 699 necnon
431 666 646 699 Lateranensis
663 665 787 699 concilii
804 665 974 699 novissime
987 676 1035 698 ce-

295 719 408 752 lebrati
433 719 565 753 uniones
588 724 767 763 perpetuaS,
784 719 843 752 nisi
864 719 895 751 in
912 718 1034 752 casibus

295 783 312 805 a
337 773 405 806 iure
422 774 595 818 permissis,
612 773 681 806 fieri
698 773 904 817 prohibentis,
917 783 953 806 ac
966 772 1034 816 piae

295 827 468 860 memoriae
484 826 631 860 Bonisacii
647 827 746 870 Papae
758 826 822 858 vul
840 825 932 859 etiam
949 835 1036 869 prae-

295 878 468 913 decessoris
488 880 587 913 nostri
613 880 704 914 ctiam
722 879 760 912 de
776 881 849 922 una,
868 884 897 912 et
911 879 1035 912 concilii

295 933 451 974 generalis
475 933 513 966 de
537 933 679 974 duabus,
710 943 774 966 non
806 938 909 966 tamen
936 932 1035 967 tribus

295 985 396 1026 dietis,
414 986 545 1031 aliisque
563 986 743 1031 apostolicis
761 986 1036 1020 constitutionibus

296 1044 326 1071 et
345 1039 605 1081 ordinationibus,
624 1040 717 1073 etiam
743 1041 774 1072 in
800 1050 933 1083 corpore
958 1040 1035 1073 iuris

296 1094 419 1135 clausis,
445 1104 479 1127 ac
504 1094 578 1126 alias
602 1094 819 1127 reservatoriis
843 1094 943 1127 dictae
968 1104 1036 1127 can-

296 1147 440 1180 cellariae
464 1148 656 1191 apostolicae
680 1147 808 1190 regulis,
830 1148 925 1180 etiam
949 1158 1037 1181 revo-

296 1201 422 1234 catoriis
454 1207 484 1235 et
515 1202 783 1235 revocatoriarum
809 1201 1034 1244 innovatoriis,

296 1264 332 1287 ac
356 1254 388 1287 in
411 1254 558 1288 savorem·
575 1255 825 1295 Ordinariorum,
850 1259 880 1288 et
903 1254 979 1287 alias
1004 1255 1035 1287 in

296 1309 489 1342 contrarium
503 1309 740 1353 quomodolibet
750 1309 840 1342 editis
854 1314 883 1342 et
897 1309 1034 1350 edendis,

295 1371 417 1395 necnon
434 1361 631 1405 singularum
646 1362 850 1395 ecclesiarum
871 1372 907 1396 ac
931 1373 1035 1396 mona-

295 1414 383 1447 sterii
397 1419 427 1448 et
443 1415 563 1448 ordinis
581 1415 815 1459 praedictorum
830 1416 1034 1459 (iuramento,

295 1468 535 1503 confirmatione
559 1469 745 1514 apostolica,
770 1470 818 1503 vel
843 1470 952 1513 quavis
976 1470 1033 1503 sir-

296 1523 402 1556 mitate
418 1523 480 1556 alia
496 1523 666 1567 roboratis)
687 1523 809 1556 statutis
827 1528 857 1556 et
873 1529 1037 1556 consuetu-

295 1575 430 1616 dinibus,
453 1576 627 1620 privilegiis
651 1587 787 1620 quoque,
805 1576 942 1619 indultis,
963 1587 1037 1610 con-

295 1629 487 1670 servatoriis,
511 1629 764 1673 exemptionibus
781 1633 811 1663 et
825 1629 938 1662 litteris
962 1640 1036 1673 apo-

295 1682 423 1723 stolicis,
438 1683 588 1724 ecclesiis,
598 1683 806 1723 monasteriis,
821 1683 1036 1724 conventibus,

295 1736 470 1778 ordinibus,
484 1736 700 1781 superioribus
713 1736 891 1778 ordinariis,
906 1738 1037 1782 aliisque

297 1790 499 1823 collatoribus
509 1795 538 1823 et
551 1790 695 1834 personis
708 1790 867 1834 praefatis,
879 1801 935 1834 per
947 1802 1038 1835 quos-

297 1854 434 1888 cumque
456 1845 614 1878 Romanos
634 1844 799 1878 Pontifices
819 1844 1038 1888 praedecesso-

298 1907 348 1930 res
371 1902 506 1940 nostros,
531 1908 567 1931 ac
590 1908 648 1932 nos
673 1902 703 1931 et
722 1898 833 1931 Sedem
851 1899 1036 1942 praefatam,

298 1951 391 1984 etiam
415 1961 473 1995 per
492 1951 575 1984 viam
600 1951 756 1995 generalis
780 1952 858 1995 legis
881 1956 911 1985 et
932 1952 1035 1986 statuti

297 2005 453 2049 perpetui,
477 2015 600 2038 necnon
624 2005 693 2037 initi
710 2010 739 2038 et
756 2005 895 2049 stipulati
916 2011 1038 2039 contra-

298 2063 375 2099 ctus,
389 2069 444 2091 seu
455 2059 554 2102 quasi,
569 2063 599 2091 et
611 2058 698 2099 alias,
713 2058 770 2091 sub
787 2059 1037 2103 quibuscumque

297 2112 459 2145 tenoribus
489 2117 519 2145 et
549 2112 659 2145 formis
672 2139 679 2153 ,
712 2123 747 2145 ac
780 2123 851 2146 cum
876 2113 1038 2157 quibusvis

298 2166 390 2199 etiam
416 2167 688 2210 derogatoriarum
713 2167 931 2210 derogatoriis,
952 2167 1037 2200 aliis-

299 2229 359 2261 que
370 2219 607 2260 efficacioribus,
619 2220 842 2253 efficacissimis
859 2225 890 2253 et
905 2220 1037 2253 insolitis

301 2272 457 2313 clausulis,
481 2272 739 2317 irritantibusque
755 2278 785 2306 et
808 2273 875 2306 aliis
894 2273 1036 2315 decretis,

301 2324 395 2357 etiam
418 2326 675 2367 consideratione,
700 2326 824 2368 intuitu,
850 2327 1040 2371 contempla-

300 2378 384 2411 tione
400 2379 449 2411 vel
468 2379 506 2411 ad
530 2379 708 2413 instantiam
734 2380 990 2424 supradictorum
1009 2385 1039 2413 et

301 2442 574 2476 quorumcumque
598 2434 741 2476 aliorum,
766 2444 802 2467 ac
822 2434 915 2467 etiam
942 2439 1038 2476 motu,

301 2487 432 2520 scientia
445 2492 475 2520 et
486 2488 647 2531 potestatis
662 2488 858 2532 plenitudine
875 2488 1038 2531 similibus,

301 2550 424 2573 necnon
447 2540 713 2583 consistorialiter,
730 2552 765 2574 ac
780 2541 855 2575 alias
871 2541 1041 2585 quomodo-

302 2604 438 2638 cumque
454 2599 484 2627 et
497 2594 765 2639 qualitercumque
777 2606 814 2629 ac
827 2596 1041 2640 quotiescum-

302 2658 362 2692 que
382 2648 548 2691 coneessis,
564 2648 755 2683 confirmatis
766 2660 802 2684 ac
815 2649 909 2684 etiarn
922 2649 1040 2684 iteratis

1067 293 1187 326 vicibus
1212 293 1365 326 innovatis
1390 302 1425 325 ac
1450 290 1668 331 concedendis,
1687 300 1807 323 necnon

1067 345 1228 388 quibusvis
1253 346 1440 390 specialibus
1469 345 1513 378 vel
1540 344 1740 387 generalibus
1764 354 1809 376 re-

1068 399 1306 440 servationibus,
1327 399 1418 432 etiam
1445 398 1643 439 mentalibus,
1668 402 1810 441 expecta-

1069 451 1137 484 tivis
1162 457 1192 484 et
1215 452 1283 485 aliis
1308 453 1426 495 gratiis,
1450 453 1637 493 unionibus,
1661 451 1809 484 annexio-

1067 504 1159 537 nibus
1184 508 1213 538 ct
1238 505 1546 549 incorporationibus
1576 504 1737 549 perpetuis
1762 504 1807 536 vel

1069 558 1295 602 temporalibus
1319 559 1436 602 absque
1461 570 1614 592 consensu
1643 559 1807 592 coadiuto-

1068 622 1150 653 rum,
1165 611 1429 655 deputationibus,
1442 612 1718 652 nominationilnis,
1733 611 1810 645 citra

1069 675 1212 698 accessus
1230 670 1260 698 ct
1276 675 1449 708 regressus,
1467 665 1676 705 facultatibus,
1690 665 1810 704 litteris,

1069 717 1234 759 mandatis,
1259 718 1514 751 concessionibus
1538 723 1569 750 et
1594 718 1720 751 indultis
1742 718 1810 761 qui-

1068 771 1284 815 buscumque,
1309 771 1403 804 etiam
1429 782 1500 804 cum
1525 771 1758 815 provisionibus
1781 777 1809 803 et

1069 825 1137 858 aliis
1161 825 1436 869 dispositionibus,
1460 825 1553 858 ctiam
1579 824 1809 865 cardinalibus,

1069 888 1105 911 ac
1130 878 1223 911 etiam
1247 879 1364 912 nostris
1387 878 1524 922 antiquis
1543 882 1574 911 ct
1590 877 1754 921 descriptis
1773 877 1813 909 sa-

1069 931 1254 974 miliaribus,
1277 937 1307 965 et
1327 932 1537 976 imperatoris,
1558 942 1681 975 regum,
1695 931 1812 964 ducum

1069 990 1122 1018 aut
1138 985 1273 1019 aliorum
1287 986 1467 1030 principum
1486 985 1750 1030 contemplatione
1765 986 1812 1018 vel

1070 1039 1201 1080 intuitu,
1227 1050 1282 1072 seu
1306 1039 1338 1072 in
1362 1049 1492 1080 eorum,
1518 1043 1571 1072 aut
1595 1039 1811 1079 ecclesiarum,

1070 1092 1337 1126 monasteriorum
1361 1103 1397 1126 ac
1421 1093 1556 1126 aliorum
1571 1092 1810 1125 'ecclesiastico-

1070 1156 1141 1178 rum
1171 1146 1419 1188 benefieiorum,
1447 1146 1495 1179 vel
1522 1145 1671 1179 etiam-in
1696 1145 1812 1178 nullius

1069 1199 1219 1241 savorem,
1237 1204 1290 1232 aut
1304 1200 1344 1233 ob
1362 1199 1649 1233 remunerationem
1666 1199 1811 1232 laborum

1069 1252 1160 1286 nobis
1180 1258 1210 1286 et
1234 1253 1305 1286 Sedi
1331 1253 1488 1297 praefatae
1508 1253 1737 1297 impensorum,
1760 1258 1812 1285 aut

1069 1306 1101 1339 in
1125 1317 1365 1351 recompensam
1382 1307 1499 1339 iurium
1518 1317 1679 1340 cessorum
1697 1306 1745 1339 vel
1762 1305 1813 1338 ab·

1069 1360 1223 1401 latorum,
1248 1364 1301 1394 aut
1324 1360 1399 1393 alias
1424 1360 1683 1404 quomodolibet,
1716 1359 1810 1392 etiam

1070 1418 1158 1447 motu
1182 1414 1314 1458 proprio
1339 1419 1369 1447 et
1393 1424 1429 1447 ex
1456 1415 1542 1447 certa
1567 1413 1697 1446 scientia
1718 1423 1754 1445 ac
1774 1412 1812 1445 de

1070 1467 1260 1510 apostolicae
1284 1467 1447 1511 potestatis
1471 1466 1677 1510 plenitudine,
1691 1476 1727 1498 ac
1741 1476 1811 1498 cum

1069 1520 1230 1564 quibusvis
1255 1521 1347 1553 etiam
1377 1520 1650 1563 derogatoriarum
1681 1520 1813 1563 deroga-

1070 1574 1180 1614 toriis,
1205 1574 1336 1617 aliisque
1361 1574 1590 1607 efficacioribus
1619 1578 1649 1606 et
1679 1573 1813 1606 insolitis

1071 1627 1228 1667 clausulis,
1243 1627 1336 1659 etiam
1354 1627 1536 1659 attestativis
1555 1626 1668 1659 mentis
1687 1631 1813 1659 nostrae

1071 1680 1109 1713 de
1133 1681 1195 1714 illis
1218 1691 1282 1714 non
1306 1681 1490 1714 revocandis
1507 1685 1560 1713 aut
1576 1680 1812 1724 suspendendis,

1071 1734 1330 1779 irritantibusque
1355 1739 1385 1769 et
1409 1735 1477 1767 aliis
1491 1734 1636 1775 decretis,
1650 1734 1681 1766 in
1698 1744 1813 1777 genere

1071 1789 1118 1821 vel
1132 1789 1163 1821 in
1177 1788 1290 1833 speeie,
1301 1788 1339 1822 de
1353 1788 1563 1829 monasteriis,
1574 1787 1813 1832 praeposituris,

1071 1842 1291 1883 decanatibus,
1315 1842 1637 1883 archidiaconatibus,
1663 1841 1813 1883 cantoria,

1071 1897 1324 1940 poenitentiaria,
1342 1897 1538 1938 scholastria,
1556 1896 1762 1937 thesauraria,
1779 1906 1815 1928 ac

1071 1951 1308 1984 canonicatibus
1332 1955 1362 1984 et
1385 1950 1577 1994 praebendis
1602 1951 1696 1984 etiam
1717 1955 1815 1982 trans-

1071 2005 1151 2046 latis,
1174 2005 1270 2038 unitis
1295 2009 1325 2037 et
1349 2005 1538 2049 suppressis,
1558 2015 1594 2037 ac
1614 2004 1814 2048 cappellaniis

1072 2064 1101 2091 et
1131 2059 1200 2092 aliis
1234 2058 1396 2092 beneficiis
1428 2059 1631 2100 huiusmodi,
1657 2058 1814 2092 concessis

1071 2113 1221 2146 hactenus
1236 2117 1265 2147 et
1279 2113 1486 2156 imposterum
1500 2112 1721 2146 concedendis:
1737 2122 1814 2155 quas

1072 2171 1102 2201 et
1126 2177 1224 2210 quae,
1249 2166 1439 2210 illorumque
1464 2166 1605 2200 omnium
1627 2165 1689 2198 vim
1715 2170 1745 2198 et
1770 2165 1814 2198 es-

1072 2222 1197 2263 sectum,
1223 2220 1325 2265 quoad
1349 2221 1419 2262 hoe,
1438 2221 1566 2254 omnino
1584 2219 1813 2264 suspendimus,

1072 2281 1102 2308 et
1121 2275 1153 2308 in
1170 2275 1371 2317 monasterio,
1396 2274 1635 2318 praeposituris,
1650 2273 1813 2314 decanatu,

1072 2328 1346 2368 archidiaconatu,
1371 2328 1509 2361 cantoria
1522 2355 1528 2368 ,
1553 2327 1794 2371 poenitentiaria
1806 2354 1813 2367 ,

1073 2381 1267 2423 scholastria,
1293 2381 1500 2421 thesauraria,
1525 2392 1560 2414 ac
1581 2380 1815 2414 canonicatibus

1073 2440 1103 2468 et
1126 2433 1323 2478 praebendis,
1344 2433 1547 2477 cappellaniis
1572 2438 1602 2466 et
1626 2433 1694 2466 aliis
1718 2433 1814 2466 bene-

1073 2487 1152 2521 fieiis
1175 2486 1357 2520 huiusmodi
1382 2486 1527 2519 effectum
1560 2487 1665 2520 sortiri
1692 2492 1744 2519 aut
1768 2487 1813 2520 lo-

1074 2554 1146 2576 cum
1171 2542 1230 2576 sibi
1253 2541 1418 2574 vendicare
1443 2551 1506 2574 non
1529 2552 1621 2585 posse
1644 2551 1747 2585 neque
1766 2541 1816 2574 de-

1073 2597 1150 2630 bere
1182 2595 1401 2635 decernimus3
1426 2595 1570 2639 illisque,
1605 2605 1641 2628 ac
1672 2595 1814 2636 statutis,

1074 2650 1256 2695 privilegiis,
1282 2649 1409 2684 indultis
1434 2655 1465 2683 ct
1488 2650 1600 2684 litteris
1617 2649 1815 2694 supradietis,

1706 234 1771 265 [ιἰῗ)
1819 242 1912 268 nme.
1936 241 2006 269 16Ξῦ
