2269 3235
268 267 315 294 An.
335 268 363 295 C.
384 268 449 295 1027

297 1281 440 1305 ”transumptis

258 1308 315 1328 credi
331 1308 423 1328 mandat.

305 1812 439 1834 Sanctionem

257 1841 367 1865 poenatem
406 1846 414 1859 s
432 1850 439 1854 -

257 1867 362 1892 peraudin

496 259 559 293 55ss

464 317 502 348 de
521 317 615 349 verbo
632 317 668 348 ad
686 316 826 354 verbum,
843 324 905 346 non
923 318 1024 345 autem
1044 324 1099 356 per
1117 313 1200 345 clan-

463 371 546 402 sulas
570 370 730 411 generales
745 368 824 399 idem
852 368 1065 410 importantcs,
1084 365 1200 399 mentio

463 434 516 455 seu
543 422 668 465 quaevis
698 421 756 453 alia
789 420 949 463 expressio
974 418 1116 451 habenda
1148 424 1200 451 aut

462 476 563 517 aliqua
588 474 646 506 alia
672 474 823 516 exquisita
850 473 948 505 forma
973 472 1009 503 ad
1043 472 1101 504 lioc
1133 482 1198 504 ser-

462 528 559 559 vanda
582 528 668 568 soret,
697 533 820 559 tenores
845 525 1036 565 huiusmodi,
1061 536 1096 557 ac
1118 525 1141 557 si
1161 525 1197 557 de

461 581 556 612 verbo
581 580 617 611 ad
639 580 779 619 verbum,
800 579 875 611 niliil
896 578 1018 622 penitus
1035 577 1151 611 omisso
1168 583 1198 610 et

460 634 559 666 forma
585 633 614 665 in
647 633 706 665 illis
739 633 849 667 tradita
881 633 1064 673 observata,
1090 631 1197 664 inserti

462 686 571 727 forent,
597 686 712 718 eisdem
741 685 957 729 praesentilnis
982 695 1040 729 pro
1060 685 1150 728 plene
1168 689 1197 719 ct

461 739 649 772 sufficienter
674 740 828 783 expressis
853 739 1013 778 habentes,
1038 739 1098 771 illis
1121 739 1196 771 alias

460 792 490 823 in
505 802 561 825 suo
577 792 690 825 robore
708 792 932 836 permansuris,
951 792 1008 824 liae
1026 791 1092 824 vice
1109 792 1196 824 dum·

460 848 541 877 taxat
565 845 740 888 specialiter
765 851 794 878 et
820 855 964 888 expresse
982 844 1093 876 harum
1114 844 1195 877 serie

459 894 656 937 derogamus,
674 895 839 928 contrariis
856 895 1121 938 quibuscumque;
1143 900 1196 927 aut

459 949 490 980 si>
509 949 621 992 quibus
646 948 854 981 communiter
873 953 926 981 aut
942 948 1066 980 divisim
1092 948 1130 981 ab
1148 951 1196 981 ea-

458 1003 529 1035 dem
555 1002 590 1034 sit
616 1002 693 1035 Sede
725 1002 899 1042 indultum,
933 1001 1015 1044 quod
1040 1001 1194 1043 interdici,

458 1055 616 1099 suspendi,
634 1055 680 1087 vel
702 1055 969 1088 excommunicari
993 1065 1055 1088 non
1076 1056 1195 1099 possint

456 1119 513 1152 pcr
538 1108 656 1140 litteras
681 1108 868 1151 apostolicas
888 1118 950 1140 non
970 1108 1116 1141 facientes
1134 1110 1195 1152 ple-

456 1172 525 1193 nam
541 1167 569 1193 ct
583 1172 760 1204 expressam
785 1169 819 1194 ac
838 1161 875 1194 de
893 1162 990 1195 verbo
1007 1162 1045 1194 ad
1062 1162 1193 1195 verbum

456 1215 493 1247 (lc
518 1215 637 1247 indulto
662 1215 841 1248 huiusmodi
860 1215 1059 1248 mentionem.

500 1268 514 1310 ξ
534 1267 584 1300 20.
611 1268 760 1301 Volumus
780 1272 895 1309 autem,
908 1269 992 1312 quod
1011 1269 1192 1302 carumdem

455 1322 665 1365 praesentium
684 1322 898 1366 transumptis,
912 1322 1004 1355 etiam
1019 1322 1192 1367 impressis,

455 1387 548 1409 manu
566 1377 697 1409 alicuius
718 1377 830 1409 notarii
855 1376 976 1420 publici
996 1377 1192 1421 subscriptis,

454 1434 483 1461 ct
508 1429 609 1472 sigillo
634 1429 793 1463 communi
819 1429 892 1462 dicti
918 1430 1052 1473 collegii,
1073 1435 1126 1463 aut
1142 1431 1194 1462 ali-

454 1483 541 1515 cuius
566 1483 670 1516 curiae
695 1483 934 1523 ecclesiasticae,
959 1494 1012 1516 seu
1038 1494 1193 1527 personae

452 1536 483 1568 in
508 1536 656 1579 dignitate
681 1537 890 1570 ecclesiastica
912 1537 1098 1570 constitutae
1122 1549 1191 1570 mu-

452 1589 536 1631 nitis,
560 1590 666 1622 eadem
702 1601 832 1634 prorsus
866 1590 943 1623 tides
966 1590 997 1623 in
1022 1590 1137 1623 iudicio
1162 1596 1192 1624 et

453 1648 554 1684 extra,
579 1654 614 1676 ac
638 1644 713 1676 alias
742 1643 933 1687 ubicumque
966 1654 1046 1688 opus
1075 1644 1190 1685 suerit,

452 1697 615 1737 habeatur,
640 1707 718 1741 quae
750 1697 921 1730 haberetur
952 1698 1070 1730 eisdem
1094 1709 1188 1742 praem

453 1751 604 1791 sentibus,
630 1751 655 1783 si
679 1752 779 1785 forent
799 1751 955 1784 exhibitae
972 1752 1020 1784 vel
1037 1757 1189 1785 ostensae.

498 1804 512 1846 ξ
536 1803 587 1835 21.
612 1803 693 1836 Nulli
718 1815 794 1847 ergo
819 1804 948 1837 omnino
970 1804 1134 1837 hominum
1154 1804 1191 1836 li-

455 1862 521 1888 ceat
545 1857 625 1889 hane
648 1857 794 1900 paginam
811 1862 937 1890 nostrae
954 1857 1131 1898 erectionis,
1149 1857 1192 1890 in-

455 1910 632 1951 stitutionis,
657 1911 877 1951 attributionis,
895 1911 1106 1952 subiectionis,
1123 1911 1192 1944 sub-

454 1961 619 1997 missionis,
634 1962 873 2003 constitutionis,
884 1962 1060 2002 creationis,
1075 1962 1189 2004 statuti,

454 2015 656 2048 ordinationis
671 2043 677 2057 ,
708 2015 819 2048 indulti
834 2043 840 2056 Τ
874 2016 1168 2049 communicationis
1183 2044 1189 2058 ,

454 2070 700 2109 concessionum,
721 2070 925 2112 elargitionis,
943 2070 1189 2114 approbationis,

454 2124 710 2163 confirmationis,
728 2123 938 2163 decretorum,
957 2124 1187 2165 mandatorum,

454 2177 665 2219 derogationis
683 2182 711 2211 et
728 2178 921 2210 voluntatum
943 2178 1126 2221 infringere,
1143 2178 1191 2210 vel

454 2230 482 2263 ei
500 2242 575 2263 ausu
592 2232 758 2264 temerario
776 2231 942 2264 contraire.
957 2231 986 2264 Si
1005 2232 1075 2275 quis
1088 2237 1191 2264 autem

454 2283 514 2317 hoc
538 2290 692 2319 attentare.
711 2285 973 2328 praesumpserit,
1004 2285 1191 2328 indignatio-

455 2347 525 2370 nem
551 2338 771 2381 omnipotentis
792 2339 845 2371 Dei
870 2350 905 2372 ac
925 2339 1090 2373 beatorum
1109 2339 1191 2373 Petri

457 2396 484 2422 et
511 2392 596 2423 Pauli
620 2392 834 2435 apostolorum
859 2392 926 2425 eius
951 2403 983 2425 se
1002 2393 1125 2426 noverit
1149 2393 1193 2426 in-

458 2455 632 2477 stirsttrttnt.

502 2498 609 2530 [tatum
620 2499 746 2539 Romae,
758 2499 840 2543 apud
850 2499 1015 2542 SgMariam
1030 2500 1190 2541 Maiorem,

460 2561 537 2582 anne«
563 2552 787 2585 incarnationis
812 2554 991 2587 Dominicae
1015 2564 1191 2595 imcxxvn,

462 2604 598 2637 {xz-,tendis
618 2605 703 2646 iunii,
722 2607 917 2649 pontificatus
934 2609 1032 2641 nostri
1049 2619 1130 2642 anno
1149 2618 1190 2642 lv.

495 2667 553 2695 Dat.
570 2668 612 2697 die
636 2669 644 2696 t
666 2669 731 2697 iunii
753 2671 829 2706 1627,
851 2672 943 2706 pontis.
966 2679 1034 2700 anno
1053 2679 1089 2700 ιγ.

1043 264 1222 289 ΙίῐῐῐᾸΛῐὶῘΗΜ
1244 262 1398 288 ROMANUM

1522 310 1680 345 CCXLVII.

1234 391 1323 424 Nova
1349 391 1513 424 institutio
1531 390 1659 434 eollcqii
1675 390 1712 423 in
1729 390 1857 424 civitate
1880 391 1971 424 Vien-

1276 455 1337 477 nae
1360 445 1386 478 Λ
1395 445 1516 477 astricte
1538 454 1596 487 pro
1617 443 1817 476 scholaribus
1839 443 1971 477 Germa-

1276 498 1369 530 nicae
1392 498 1554 537 nationis,
1583 507 1656 529 cum
1678 501 1894 540 proventuum
1918 507 1970 530 as-

1275 551 1460 593 signatione
1483 554 1512 584 ec
1535 549 1826 583 communicatione
1839 549 1972 593 privile-

1275 603 1405 646 giorum
1414 603 1432 636 ¹.

1431 683 1567 711 Urbanus
1587 683 1763 718 Episcopus.

1406 735 1512 755 servus
1542 736 1693 756 servorum
1726 728 1792 762 Dei,

1353 773 1390 799 ad
1409 775 1582 806 perpetuam
1600 773 1645 800 rei
1665 772 1846 800 memoriam.

1273 841 1425 881 Quoniam
1444 843 1567 876 divinae
1586 842 1716 877 bonitati
1741 843 1842 875 visum
1856 847 1903 876 est
1914 842 1970 876 hu-

1231 894 1392 928 militatem
1416 900 1556 928 nostram
1581 895 1860 928 turbulentissimis
1879 895 1968 929 Chri-

1229 948 1346 981 stianae
1378 948 1571 992 reipublicae
1604 949 1798 992 temporibus
1823 949 1861 982 ad
1892 949 1966 982 uni-

1229 1002 1357 1035 versalis
1382 1003 1538 1035 Ecclesiae
1563 1002 1707 1045 regimen
1730 1013 1854 1043 vocare,
1874 1013 1911 1035 ex
1932 1013 1969 1036 eo

1229 1061 1372 1099 tempore
1388 1066 1455 1096 nos,
1467 1055 1607 1088 eiusdem
1625 1055 1790 1088 adiuvante
1807 1056 1917 1098 gratia,
1934 1066 1969 1089 ea

1228 1109 1367 1151 cogitare
1391 1113 1421 1141 et
1444 1119 1539 1151 agere
1562 1119 1626 1142 non
1646 1109 1853 1150 destituimus,
1879 1120 1969 1153 quae,

1229 1161 1308 1194 sicut
1332 1161 1426 1195 officii
1452 1162 1552 1195 nostri
1576 1162 1657 1195 ratio
1673 1163 1818 1206 postulat,
1838 1162 1876 1195 ad
1896 1163 1970 1196 divi-

1227 1225 1303 1247 num
1328 1215 1445 1258 ubique
1469 1215 1588 1248 cultum
1613 1215 1852 1259 propagandum
1871 1220 1900 1248 et
1917 1226 1969 1249 ec—

1228 1268 1436 1301 clesiasticam
1461 1268 1660 1312 disciplinam
1684 1268 1922 1302 restaurandam
1938 1274 1969 1302 et

1227 1322 1413 1365 augendam,
1438 1322 1677 1366 animarumque
1703 1323 1832 1357 salutem
1855 1333 1969 1366 procu-

1227 1376 1357 1408 randam
1384 1376 1520 1409 maxime
1544 1376 1751 1420 cognovimus
1770 1376 1937 1421 pertinere.

1271 1430 1285 1473 ξ
1310 1429 1339 1462 «1.
1365 1430 1399 1462 In
1423 1430 1535 1474 primis
1558 1441 1644 1471 vero,
1668 1430 1773 1464 animo
1793 1431 1968 1464 recolentes

1226 1483 1451 1526 amplissimam
1466 1483 1653 1517 Germaniae
1670 1483 1875 1528 provinciam,
1888 1494 1967 1528 quae

1226 1535 1443 1579 superioribus
1460 1536 1583 1579 seculis,
1605 1536 1687 1569 inter
1709 1536 1899 1570 fortissimae
1919 1537 1966 1580 ip-

1226 1590 1289 1622 sius
1313 1590 1449 1623 nationis
1473 1591 1581 1624 laudes
1604 1596 1697 1634 atque
1725 1590 1864 1633 virtutes,
1882 1595 1967 1624 tanto

1226 1643 1366 1676 sincerae
1379 1643 1452 1676 fidei
1466 1649 1496 1677 et
1509 1644 1698 1677 christianae
1710 1644 1872 1687 religionis
1882 1644 1967 1677 cultu

1226 1697 1364 1730 eminere
1397 1698 1538 1739 solebat,
1563 1703 1597 1730 ut
1620 1697 1752 1742 reliquis
1777 1697 1967 1731 christianae

1225 1750 1417 1794 reipublicae
1436 1751 1578 1794 partibus
1592 1761 1654 1784 non
1678 1751 1795 1784 minori
1812 1751 1966 1794 exemplo,

1226 1814 1319 1847 quam
1334 1809 1529 1845 ornamento,
1544 1810 1637 1848 atque
1651 1804 1757 1838 decori
1771 1808 1866 1846 esset,
1883 1814 1967 1837 nunc

1226 1862 1270 1890 tot
1294 1857 1450 1901 tantisque
1476 1857 1507 1890 in
1525 1861 1561 1891 ea
1582 1858 1730 1891 instinctu
1748 1863 1873 1891 satanae
1890 1857 1968 1890 exci-

1226 1911 1294 1945 tatis
1308 1911 1346 1944 de
1362 1911 1515 1954 religione
1530 1911 1676 1952 dissidiis,
1693 1911 1736 1943 ita
1752 1910 1966 1944 miserandum

1225 1965 1256 1997 in
1280 1964 1408 1998 modum
1433 1964 1578 1998 afflictam
1604 1968 1634 1998 et
1657 1964 1863 1997 deformatam
1888 1974 1965 2007 esse,

1225 2023 1258 2051 ut
1281 2028 1374 2051 nemo
1406 2018 1454 2051 vel
1488 2018 1639 2051 mediocri
1668 2018 1782 2061 pietate
1805 2017 1967 2061 praeditus

1226 2071 1291 2104 sine
1307 2069 1478 2116 lachrpnis
1494 2077 1557 2104 tam
1575 2082 1704 2114 gravem
1729 2071 1906 2104 animarum
1922 2070 1967 2103 ia-

1226 2130 1347 2158 cturam
1373 2125 1545 2166 recordari,
1570 2125 1686 2158 nedum
1712 2125 1826 2157 intueri
1852 2129 1965 2168 queat;

1226 2189 1295 2211 eam
1312 2179 1482 2222 praecipue
1504 2189 1612 2212 curam
1633 2177 1838 2221 suscepimus,
1857 2182 1889 2210 ut
1902 2177 1967 2221 qui-

1226 2233 1331 2266 busvis
1355 2233 1514 2277 possimus
1538 2232 1650 2273 modis,
1674 2232 1768 2265 nullis
1791 2231 1964 2271 laboribus,

1225 2287 1357 2320 nullisve
1382 2286 1558 2330 sumptibus
1577 2291 1751 2330 parcentes,
1773 2291 1844 2330 apta
1861 2295 1968 2318 sanan-

1226 2340 1273 2373 dis
1297 2340 1381 2373 illius
1396 2341 1579 2373 vulneribus
1597 2339 1737 2373 remedia
1750 2339 1965 2373 adhibeamus.

1225 2395 1268 2427 Ac
1291 2394 1423 2438 provide
1448 2393 1680 2427 considerantes
1704 2393 1803 2426 felicis
1823 2392 1968 2427 recorda-

1262 2493 1273 2519 1
1297 2492 1448 2519 viennense
1469 2492 1620 2527 Collegium
1640 2491 1792 2518 institutum
1806 2491 1856 2518 fuit
1871 2499 1887 2518 a
1901 2490 1969 2518 Gra,

1225 2537 1300 2571 gorio
1320 2536 1388 2563 Xlll.
1409 2537 1470 2564 Alia
1494 2537 1607 2572 collegia
1626 2537 1660 2563 ab
1680 2537 1791 2564 Urbano
1810 2536 1867 2563 vlu
1887 2535 1966 2563 insti-

1227 2586 1283 2609 tuta
1302 2590 1349 2609 seu
1369 2582 1504 2615 restituta,
1525 2586 1552 2609 et
1572 2582 1605 2609 ad
1629 2582 1853 2618 propagationem
1872 2581 1967 2608 catho-

1227 2627 1292 2653 licae
1312 2626 1375 2653 fidei
1395 2625 1556 2661 utilissima,
1582 2625 1641 2661 lege
1669 2626 1696 2653 in
1726 2625 1966 2655 constitutionibus

1226 2671 1463 2707 praecedentibus.

1986 261 2036 291 An.
2051 262 2082 291 C.
2099 262 2166 292 ¹62⁷

2011 853 2153 876 Prooemium.

2010 1436 2091 1468 Causae
2106 1437 2167 1459 istius

1983 1467 2104 1486 erectionis.
