2269 3235
81 253 126 279 An.
150 253 178 280 C.
197 253 262 280 ¹623

96 1005 193 1025 tubanus
209 1006 265 1032 Papa

83 1032 222 1052 Xancionensi
239 1032 266 1052 ot*

83 1059 146 1079 tit-ian
174 1059 266 1079 commit·

83 1085 115 1108 tn,
130 1091 198 1105 rerum
214 1085 267 1106 veri-

83 1113 149 1132 tatem
159 1112 259 1138 inquirat.

884 250 1024 275 URBANUS
1050 251 1104 274 VIII
1129 252 1175 275 ΙΨ.

277 301 357 334 secto
372 310 434 334 non
451 301 553 334 solum
570 300 747 344 presbyteri
765 299 866 332 dictae
879 298 1016 341 Congre-

278 352 411 397 gationis
427 352 458 385 in
475 352 632 386 continuis
648 351 808 386 laboribus
823 361 879 395 pcr
893 361 946 384 eos
958 361 1017 394 pro

278 406 351 440 fidei
375 406 547 440 catholicae
572 404 798 450 propagatione
829 409 859 437 et
890 415 907 436 a
931 409 1017 437 recto

280 460 361 493 illius
379 460 503 493 tramite
520 458 734 492 aberrantium
753 457 937 491 reductione
950 468 1018 501 per-

279 512 353 546 ferri
378 512 477 546 solitis
501 512 622 546 facilius
643 517 673 544 et
693 510 890 544 commodius
910 520 1018 554 perse-

280 570 435 606 verarent,
445 575 554 599 eorum
569 569 674 597 tamen
687 564 844 597 bonorum
857 568 887 596 et
900 563 1018 596 iurium

279 619 562 654 ecclesiasticorum
586 618 660 652 dicti
685 617 868 651 monasterii
892 627 1020 651 conser-

279 673 393 707 vationi
411 674 587 718 opportuna
611 671 782 706 admodum
810 671 931 705 ratione
948 681 1021 705 con-

279 727 447 760 suleretur:
462 726 563 766 Quare
580 735 640 770 pro
654 730 743 769 parte
759 724 842 758 Petri
862 725 1020 768 generalis

279 785 309 813 et
326 780 585 824 presbyterorum
602 778 836 823 praedictorum
856 778 947 812 nobis
964 777 1021 811 fuit

280 832 440 867 humiliter
464 832 673 877 supplicatum
689 859 696 873 ‚
722 837 875 876 quatenus
900 831 963 873 eis,
987 837 1022 865 ut

280 887 370 928 infra,
395 879 576 931 opportune'
586 885 753 930 providere
772 885 811 919 dc
829 885 1021 928 benignitate

280 939 451 984 apostolica
475 939 699 982 dignaremur:

325 994 340 1037 ξ
364 994 393 1027 5.
418 994 480 1027 Nos
503 993 601 1036 igitur
620 992 687 1036 (qui
712 991 830 1025 dudum
854 992 936 1026 inter
962 992 1021 1025 alia

281 1046 449 1087 voluimus,
466 1045 631 1079 statuimus
644 1049 675 1078 et
688 1044 911 1086 ordinavimus,
927 1045 1021 1089 quod,

283 1104 424 1144 petentes
442 1099 594 1133 beneficia
611 1099 820 1132 ecclesiastica
839 1098 907 1132 aliis
927 1099 1021 1140 uniri,

282 1157 465 1186 tenerentur
484 1152 662 1197 exprimere
681 1162 790 1185 verum
810 1162 950 1185 annuum
972 1162 1022 1185 va-

284 1207 382 1240 lorem
407 1204 579 1239 secundum
606 1214 806 1238 communem
835 1204 1022 1237 aestimatio-

283 1270 356 1293 nem
380 1264 442 1292 tam
466 1258 609 1292 beneficii
634 1257 775 1300 uniendi,
800 1268 894 1302 quam
920 1258 1020 1299 illius,

283 1313 333 1346 cui
357 1312 441 1345 aliud
469 1312 553 1345 uniri
580 1316 758 1356 peteretur,
783 1311 923 1355 alioquin
946 1312 1021 1345 unio

282 1376 343 1399 non
360 1366 486 1407 valeret,
500 1364 646 1409 quodque
662 1375 788 1408 semper
805 1364 836 1397 in
852 1365 1021 1398 unionibus

282 1418 462 1453 commissio
485 1418 576 1452 fieret
599 1418 637 1451 ad
661 1422 775 1462 partes,
801 1418 917 1451 vocatis
942 1418 1021 1451 inte-

283 1483 366 1505 resse
382 1471 594 1515 habentibus),
608 1471 735 1504 eosdem
753 1471 879 1504 Petrum
894 1481 1022 1514 genera-

282 1526 342 1559 lem
358 1528 388 1560 et
403 1524 606 1569 presbyteros
620 1524 808 1568 (asserentes
826 1524 1020 1568 praedictum

282 1578 472 1612 Ludovicum
496 1577 622 1611 aliunde
650 1577 816 1611 commode
840 1578 945 1611 vivere
969 1588 1022 1611 va-

281 1632 358 1675 lere)
378 1641 396 1664 a
419 1631 581 1675 quibusvis
598 1631 942 1673 excommunicationis,
959 1642 1023 1665 sus-

281 1684 438 1729 pensionis
463 1690 493 1718 et
516 1684 695 1726 interdicti,
721 1684 852 1729 aliisque
878 1685 1023 1718 ecclesia-

281 1738 365 1772 sticis
389 1738 559 1779 sententiis,
576 1738 716 1771 censuris
736 1743 766 1771 et
793 1738 902 1782 poenis
919 1749 937 1771 a
954 1738 1022 1772 iure

282 1792 328 1825 vel
345 1791 383 1825 ab
400 1791 528 1826 homine
544 1791 653 1836 quavis
670 1791 835 1825 occasione
862 1792 909 1825 vel
927 1794 1022 1826 causa

282 1845 360 1888 latis,
377 1845 402 1878 si
423 1845 536 1890 quibus
553 1845 789 1889 quomodolibet
806 1846 947 1879 innodati
963 1846 1023 1880 exi-

282 1904 376 1940 stunt,
395 1898 434 1932 ad
454 1899 600 1933 effectum
625 1899 838 1943 praesentium
862 1899 1023 1933 dumtaxat

283 1952 537 1996 consequendum
552 1980 559 1994 ,
584 1953 697 1986 harum
722 1953 802 1986 serie
827 1953 1023 1987 absolventes

282 2010 312 2041 et
330 2006 489 2040 absolutos
514 2006 581 2040 fore
605 2011 778 2048 censentes,
795 2017 831 2040 ac
849 2012 966 2040 certam
985 2007 1022 2041 de

282 2060 462 2105 praemissis
485 2060 627 2094 notitiam
645 2070 706 2094 non
724 2060 885 2102 habentes,
902 2071 1024 2094 verum-

281 2124 342 2157 que
354 2118 385 2147 et
400 2113 547 2147 ultimum
565 2113 639 2147 dicti
657 2114 839 2147 monasterii
854 2114 1023 2148 vacationis

283 2166 422 2209 modum,
440 2167 561 2201 etiamsi
579 2178 616 2200 ex
633 2167 687 2201 illo
712 2168 841 2212 quaevis
866 2169 1023 2211 generalis

284 2221 452 2255 reservatio
480 2221 574 2254 etiam
599 2221 630 2254 in
654 2232 790 2266 corpore
816 2222 893 2255 iuris
918 2223 1023 2256 clausa

286 2274 421 2314 resultet,
433 2274 650 2318 praesentibus
666 2284 725 2319 pro
742 2285 892 2319 expresso
909 2275 1023 2309 haben-

286 2333 345 2368 tes,
369 2327 562 2370 huiusmodi,
583 2339 618 2362 ac
642 2328 819 2362 charissimi
844 2329 875 2362 in
899 2329 1022 2363 Christo

286 2381 341 2414 lilii
364 2382 463 2415 nostri
484 2383 631 2416 Ludovici
650 2383 845 2417 Francorum
864 2388 894 2417 et
911 2384 1023 2418 Navar-

287 2445 339 2467 rae
370 2434 454 2478 regis
484 2436 734 2470 christianissimi
766 2437 858 2471 nobis
888 2437 1023 2482 desuper

287 2488 439 2531 porrectis
452 2489 729 2533 supplicationibus
746 2491 895 2532 inclinati,
909 2491 1024 2525 discre-

287 2540 362 2574 tioni
387 2544 456 2576 tuae
479 2552 536 2586 per
559 2543 728 2586 apostolica
752 2544 867 2588 scripta
895 2544 1023 2578 manda-

287 2605 366 2635 mus,
390 2599 543 2638 quatenus
565 2595 603 2629 de
626 2597 806 2640 praemissis
830 2598 976 2632 omnibus
994 2604 1024 2632 et

286 2647 425 2690 singulis,
442 2659 614 2692 eorumque
639 2650 882 2684 circumstantiis
901 2652 1023 2685 univer-

1719 241 1759 273 47

1051 298 1093 332 sis
1114 299 1264 343 inquiras,
1281 298 1465 332 auctoritate
1482 300 1599 338 nostra,
1613 297 1793 341 diligentius

1051 352 1224 386 veritatem.

1096 405 1110 447 ἓ
1135 404 1163 437 6.
1189 405 1235 446 Et,
1260 405 1285 437 si
1311 415 1368 449 por
1397 403 1631 448 inquisitionem
1649 403 1791 437 camdem

1052 457 1092 490 ita
1111 468 1178 490 esse
1195 458 1364 501 repereris,
1378 468 1473 501 super
1489 468 1551 501 quo
1570 457 1792 490 conscientiam

1051 515 1136 543 tuam
1153 520 1332 551 oneramus,
1346 511 1571 544 monasterium
1587 510 1794 555 praedictum,

1052 563 1136 607 quod
1150 566 1227 597 cura
1243 569 1339 605 caret,
1357 569 1386 597 et
1403 564 1441 597 de
1456 574 1519 608 quo
1537 564 1795 599 consistorialiter

1052 617 1176 662 disponi
1200 628 1263 651 non
1288 618 1460 659 consuevit,
1485 628 1521 651 ac
1545 618 1634 651 euius
1658 619 1794 660 fruetus,

1053 669 1193 704 redditus
1217 676 1247 704 et
1271 675 1443 715 proventus
1466 680 1540 704 xx1v
1565 671 1697 705 ducatus
1727 671 1794 705 auri

1053 723 1091 756 de
1104 726 1230 757 camera
1247 724 1418 758 seeundum
1437 734 1637 758 communem
1654 725 1796 758 aestima-

1054 777 1172 811 tionem
1197 777 1337 811 valorem
1362 787 1513 818 annuum,
1529 783 1564 810 ut
1579 777 1690 811 Petrus
1706 787 1797 821 gene-

1053 830 1128 864 ralis
1145 834 1175 865 et
1192 831 1368 875 presbyteri
1387 830 1539 875 praedicti
1563 835 1716 872 asserunt,
1733 841 1796 864 non

1054 884 1219 926 excedunt,
1239 885 1365 930 quando
1382 889 1463 919 etex
1481 885 1708 929 cuiuscumque
1728 895 1797 929 per-

1055 940 1142 979 sona,
1165 949 1220 972 seu
1237 949 1295 982 per
1313 938 1446 972 liberam
1467 938 1640 973 cessionem
1660 939 1797 973 cuiusvis

1054 991 1093 1024 de
1109 990 1265 1035 regimine
1281 996 1311 1025 et
1331 991 1601 1026 administratione
1618 992 1796 1037 praedictis,

1055 1044 1086 1077 in
1112 1045 1252 1078 Romana
1272 1045 1380 1087 curia,
1404 1046 1452 1079 vel
1476 1050 1564 1078 extra
1590 1055 1679 1087 eam,
1704 1045 1797 1078 etiam

1055 1108 1161 1131 coram
1185 1098 1309 1132 notario
1328 1099 1457 1143 publico
1480 1103 1511 1132 et
1535 1099 1666 1132 testibus
1686 1104 1798 1143 sponte

1055 1152 1145 1192 sacta,
1170 1156 1223 1184 aut
1247 1152 1503 1186 constitutionem
1527 1152 1625 1186 felicis
1648 1152 1797 1186 recorda-

1054 1205 1148 1238 tionis
1171 1205 1295 1239 Ioannis
1311 1206 1391 1239 XXII
1416 1206 1670 1250 praedecessoris
1686 1207 1796 1247 nostri,

1054 1268 1134 1301 quae
1158 1258 1284 1302 incipit,
1303 1258 1516 1300 Execrabz‘lz's,
1536 1259 1584 1292 vel
1605 1259 1798 1304 assequutio-

1054 1320 1125 1343 nem
1145 1311 1274 1344 alterius
1298 1311 1444 1345 beneficii
1465 1312 1668 1346 ecclesiastici
1688 1313 1797 1357 quavis

1054 1364 1241 1397 auctoritate
1255 1364 1370 1406 collati,
1387 1365 1574 1398 commenda
1591 1366 1657 1410 ipsa
1678 1376 1798 1399 cessan-

1055 1421 1093 1458 te,
1111 1422 1198 1451 vacet
1217 1417 1352 1461 (etiamsi
1370 1423 1457 1451 tanto
1471 1424 1613 1463 tempore
1632 1419 1797 1460 vacaverit,

1054 1471 1139 1514 quod
1160 1471 1227 1504 eius
1249 1471 1389 1515 provisio
1405 1472 1490 1505 iuxta
1506 1473 1724 1506 Lateranensis
1741 1477 1798 1507 sta-

1054 1529 1120 1557 tuta
1133 1524 1257 1557 concilii
1281 1529 1334 1557 aut
1347 1524 1424 1557 alias
1440 1525 1605 1558 canonicas
1622 1525 1798 1559 sanctiones

1055 1577 1093 1610 ad
1117 1577 1229 1612 Sedem
1250 1578 1464 1622 Apostolicam
1488 1578 1628 1622 legitime
1652 1579 1797 1612 devoluta

1056 1631 1178 1673 existat,
1195 1637 1226 1665 et
1249 1632 1302 1664 illa
1327 1642 1364 1665 ex
1389 1631 1498 1677 quavis
1516 1634 1611 1665 causa
1629 1632 1668 1665 ad
1684 1632 1798 1667 Sedem

1055 1684 1199 1718 eamdem
1224 1684 1404 1729 specialiter
1435 1686 1483 1718 vel
1511 1685 1702 1729 generaliter
1725 1696 1798 1730 per-

1057 1738 1151 1772 tineat
1164 1766 1172 1780 ,
1205 1743 1235 1771 et
1266 1738 1305 1772 ad
1330 1738 1407 1772 illud
1431 1739 1629 1773 consueverit
1659 1739 1711 1784 qui
1742 1750 1800 1784 per

1056 1791 1242 1826 electionem
1263 1792 1392 1833 assumi,
1409 1792 1502 1836 eique
1519 1803 1595 1826 cura
1612 1793 1799 1827 iurisdictio-

1056 1845 1135 1879 nalis
1158 1851 1279 1879 tantum
1303 1846 1467 1881 immineat
1490 1846 1678 1889 animarum,
1695 1857 1730 1880 ac
1751 1858 1799 1880 su-

1055 1910 1112 1943 per
1136 1899 1253 1933 eisdem
1281 1900 1437 1944 regimine
1468 1905 1499 1934 et
1529 1900 1799 1936 administratione

1056 1953 1138 1986 inter
1162 1954 1285 1998 aliquos
1309 1954 1365 1995 lis,
1390 1964 1445 1987 seu
1469 1953 1598 1987 illorum
1622 1954 1797 1999 possessi0¹

1056 2007 1104 2040 vel
1129 2007 1217 2050 quasi
1242 2007 1396 2049 molestia,
1414 2007 1503 2041 cuius
1519 2013 1635 2041 statum
1652 2019 1799 2053 praesen-

1056 2061 1141 2094 tibus
1160 2061 1271 2094 haberi
1296 2061 1441 2095 volumus
1465 2072 1524 2106 pro
1549 2072 1707 2106 expresso,
1727 2073 1799 2107 pen-

1056 2114 1126 2147 deat
1143 2114 1305 2159 indecisa),
1323 2125 1395 2148 cum
1412 2115 1540 2149 annexis
1552 2115 1745 2157 huiusmodi,
1762 2127 1798 2150 ae

1057 2168 1177 2202 iuribus
1191 2174 1220 2202 et
1236 2168 1433 2213 pertinentiis
1447 2169 1511 2203 suis
1523 2169 1688 2214 universis,
1698 2170 1799 2205 dictae

1055 2222 1163 2256 domui
1189 2223 1253 2266 (ita,
1278 2223 1362 2267 quod
1387 2224 1479 2257 liceat
1503 2224 1642 2268 generali
1660 2229 1690 2258 et
1709 2235 1800 2270 supe-

1055 2276 1132 2310 riori
1149 2276 1262 2310 domus
1280 2282 1310 2310 et
1329 2277 1523 2323 presbyteris
1540 2278 1798 2322 Congregationis

1056 2329 1302 2375 praedictorum,
1319 2341 1402 2365 nunc
1429 2336 1459 2364 et
1482 2342 1540 2376 pro
1565 2335 1707 2376 tempore
1734 2332 1798 2366 exi-

1056 2383 1219 2426 stentibus,
1237 2385 1448 2429 corporalem,
1465 2385 1582 2418 realem
1595 2390 1625 2419 et
1644 2386 1797 2420 actualem

1056 2437 1260 2480 monasterii,
1285 2438 1433 2483 illiusque
1456 2438 1620 2482 regiminis
1645 2444 1676 2472 et
1699 2439 1798 2473 admi-

1056 2492 1260 2533 nistrationis,
1281 2503 1317 2526 ac
1340 2502 1546 2534 annexorum,
1570 2493 1749 2538 iuriumque
1767 2500 1800 2527 et

1056 2546 1318 2590 pertinentiarum
1338 2546 1584 2590 praedictorum,
1601 2552 1665 2580 tam
1686 2548 1724 2581 ad
1747 2548 1802 2581 ab·

1056 2599 1201 2632 batialem
1216 2626 1224 2640 ,
1249 2610 1344 2643 quam
1374 2599 1413 2633 ad
1445 2601 1682 2635 conventualem
1716 2601 1798 2634 illius

1093 2663 1103 2689 1
1123 2661 1225 2690 Forsan
1240 2662 1385 2699 legendum
1400 2664 1575 2699 possessione
1591 2664 1630 2699 (n.
1648 2664 1696 2698 τ.).

1808 250 1856 277 An.
1877 250 1904 276 C.
1924 250 1990 277 1623

1837 416 1938 443 Verium-3
1950 418 1991 437 ui-

1809 443 1911 463 :tenutam
1920 450 1991 464 narra·

1809 472 1842 493 nv,
1859 470 1908 490 illud
1922 470 1991 490 domui

1809 496 1923 517 Patisium·
1959 496 1991 516 d:-

1809 525 1856 542 clae
1873 523 1992 548 Conmem-

1810 550 1872 569 tronis
1901 550 1992 570 (Iratum

1809 576 1928 601 apostolica
1957 582 1993 596 au·

1810 605 1909 623 ctoritate
1927 602 1985 622 uniat
