2269 3235
114 241 164 269 An.
185 241 214 270 C.
231 240 298 269 ¹627

931 238 1072 263 URBANUS
1097 239 1154 263 vin·
1177 239 1224 263 PP.

311 291 370 327 ret,
395 290 425 319 et
447 296 664 331 quascumque
688 286 838 327 civitates,
863 291 973 327 castra,
999 298 1052 332 op-

310 339 394 384 pida,
411 339 639 381 universitates,
657 340 799 383 collegia,
815 340 1005 372 monasteria
1022 345 1051 372 et

310 393 379 426 loca
404 393 496 426 etiam
522 394 573 437 pia
598 398 628 426 et
652 393 813 436 religiosa,
840 393 996 435 regularia
1021 397 1050 425 et

310 446 474 487 secularia,
499 444 592 479 etiam
617 451 771 490 exempta,
789 446 900 490 quovis
923 446 1049 478 nomine

309 506 504 545 nuncupata,
530 500 593 533 sive
618 500 711 533 etiam
736 500 817 532 inter
836 499 960 532 easdem
982 510 1050 542 per-

310 563 419 594 sonas,
444 553 600 594 civitates,
625 553 777 595 collegia,
802 552 993 585 monasteria
1019 557 1048 584 et

310 606 378 639 loca
401 606 571 649 praedicta,
597 611 697 638 motas
722 615 777 638 seu
802 605 988 645 movendas,
1013 615 1048 637 ac

309 669 419 692 omnes
439 664 470 692 et
494 659 632 702 singulas
657 658 732 691 alias
757 668 865 690 causas
889 658 994 690 civiles
1019 662 1049 691 et

310 711 489 744 criminales
503 715 532 745 et
545 711 693 755 capitales
710 721 745 744 ac
766 711 878 743 mixtas
891 711 1047 751 audiendi,

310 764 538 807 cognoscendi,
563 769 594 796 et
617 763 720 807 quoad
745 763 932 806 criminales
950 764 1044 796 dum-

309 816 404 850 modo
428 816 614 849 sententiam
639 816 800 859 sanguinis
825 827 882 860 per
906 827 938 849 se
962 817 1048 860 ipsos

308 879 371 902 non
393 870 504 910 ferant,
522 869 639 913 absque
655 869 788 902 alicuius
806 869 1048 912 irregularitatis

308 922 438 955 incursu
451 921 620 955 definiendi
634 927 664 954 et
677 922 850 962 decidendi,
865 928 894 955 et
908 923 1048 956 contines

309 987 527 1020 quoscumque
544 976 647 1009 Status
664 976 846 1009 huiusmodi
864 981 893 1009 et
910 976 1048 1019 singula-

309 1040 381 1062 rum
405 1029 487 1069 illius
513 1029 691 1069 civitatum,
716 1028 922 1072 oppidorum,
947 1034 1047 1062 terra-

309 1093 381 1116 rum
398 1087 428 1115 et
445 1083 630 1126 quorumvis
650 1082 784 1115 aliorum
808 1083 951 1115 locorum
973 1083 1049 1115 invi-

310 1136 408 1177 sendi,
432 1136 628 1178 declarandi,
653 1136 790 1180 ponendi
815 1140 845 1170 et
869 1136 1046 1176 amovendi;

309 1190 540 1234 perturbantes,
555 1190 756 1231 occultantes,
771 1195 958 1232 amoventes,
973 1190 1048 1222 inci-

310 1243 418 1276 dentes
447 1248 501 1276 aut
523 1247 674 1286 ponentes
700 1243 868 1284 terminos,
894 1254 948 1276 seu
973 1244 1048 1276 alias

310 1296 548 1342 quomodolibet
567 1301 597 1329 et
614 1296 885 1339 qualitercumque
903 1297 934 1329 in
955 1302 985 1330 et
1001 1308 1049 1330 su-

308 1360 365 1394 per
389 1349 565 1383 confinibus
589 1355 619 1382 et:
644 1350 795 1390 terminis,
812 1355 842 1383 et
866 1350 949 1383 circa
974 1361 1048 1384 con-

309 1403 392 1446 finia,
418 1414 473 1436 seu
490 1404 528 1436 ab
554 1403 597 1436 eis
622 1403 838 1447 dependentia,
864 1414 985 1437 annexa
1001 1406 1048 1438 vel

309 1467 450 1490 connexa
481 1456 714 1500 delinquentes,
740 1462 793 1489 aut
824 1467 920 1501 aquas
944 1458 976 1490 in
1002 1459 1047 1491 vel

309 1521 412 1555 prope
436 1511 572 1544 confinia
599 1511 836 1555 quomodolibet
862 1512 1046 1554 derivantes,

309 1569 362 1599 aut
385 1565 423 1598 ab
448 1565 565 1598 eisdem
587 1570 777 1606 amoventes,
793 1571 846 1598 aut
869 1567 1047 1599 aedificium

310 1619 421 1664 quovis
436 1619 564 1652 nomine
581 1624 797 1662 nuncupatum
820 1625 1047 1660 construentes,

309 1677 339 1705 et
363 1682 596 1716 quamcumque
621 1672 801 1704 servitutem
826 1683 927 1716 prope
951 1674 999 1705 vel
1016 1673 1048 1705 in

310 1726 487 1759 confinibus
511 1725 719 1769 imponentes,
737 1726 878 1768 civiliter,
900 1732 939 1767 et,
958 1726 1048 1759 dum-

311 1779 405 1812 modo
420 1779 605 1811 sententiam
623 1779 794 1822 sanguinis,
809 1784 842 1811 ut
861 1780 1048 1823 praefertur,

310 1841 368 1875 per
381 1842 414 1864 se
426 1831 511 1875 ipsos
521 1842 584 1865 non
599 1832 708 1873 ferant,
719 1832 925 1865 criminaliter
938 1844 1047 1866 eorum

311 1885 452 1925 arbitrio,
470 1885 554 1918 omni
573 1888 602 1919 et
623 1896 822 1929 quacumque
839 1887 1049 1930 appellatione

310 1940 443 1979 remota,
467 1938 634 1982 puniendi;
660 1940 707 1972 vel
727 1939 953 1983 cuiuscumque
976 1951 1049 1984 per-

311 2002 406 2025 sonae
431 1991 489 2024 sibi
514 1992 594 2024 bene
618 1991 701 2024 visae
726 1992 819 2025 etiam
844 1993 875 2025 in
900 1993 1049 2036 dignitate

311 2045 520 2078 ecclesiastiea
544 2056 607 2078 non
632 2046 827 2087 constitutae,
845 2057 924 2090 quae
947 2051 1049 2080 tamen

310 2109 328 2131 a
340 2099 499 2143 praefecto
516 2104 547 2132 et
563 2100 797 2133 consultoribus
817 2101 996 2134 huiusmodi
1011 2102 1049 2134 ad

310 2153 342 2185 id
354 2153 467 2186 idonea
479 2153 614 2186 iudicata
626 2154 730 2194 suerit,
744 2165 852 2187 causas
870 2155 1048 2189 huiusmodi

311 2207 527 2240 committendi
536 2206 555 2249 ¹,
574 2207 638 2240 sive
652 2218 719 2240 cam
735 2207 765 2240 in
779 2213 844 2241 toto
857 2209 903 2241 vel
917 2209 947 2241 in
960 2215 1049 2253 parte

312 2270 383 2293 cum
400 2260 511 2293 iisdem
536 2261 735 2295 facultatibus
759 2262 995 2305 subdelegandi;
1014 2274 1049 2297 ac

311 2323 408 2346 unum
432 2314 481 2346 vel
504 2314 611 2358 plures
635 2316 871 2349 commissarios
892 2317 939 2349 vel
964 2323 1049 2350 nota-

311 2366 376 2399 rios
389 2366 426 2399 ad
439 2367 604 2411 capiendas
618 2369 864 2411 informationes,
882 2370 1049 2403 conficien-

312 2420 431 2463 dosque
445 2431 622 2464 processus,
636 2423 771 2466 quando,
786 2423 916 2467 quoties,
928 2434 962 2457 ac
976 2435 1048 2457 cum

311 2473 425 2517 quibus
452 2485 530 2518 opus
553 2475 657 2516 fuerit,
682 2481 713 2508 et
736 2476 774 2508 ad
799 2477 938 2510 contines
969 2478 1048 2511 invi-

311 2527 434 2567 sendos,
445 2527 632 2572 illorumque
644 2530 763 2573 plantas
777 2535 806 2562 et
822 2530 1049 2574 descriptiones

1727 229 1783 262 not

1086 292 1178 331 atque
1197 285 1343 330 expensis
1363 297 1419 330 pcr
1444 286 1634 329 praesectum
1653 291 1683 317 et
1700 287 1826 318 oonsul-

1086 345 1169 372 tores
1190 339 1366 383 praedictos
1386 339 1591 377 declarandis,
1612 350 1646 370 ae
1668 349 1722 381 per
1741 339 1824 370 loeo-

1085 403 1155 424 rum
1181 393 1433 433 communitates,
1454 397 1546 435 atque
1571 392 1647 423 alios
1675 392 1823 423 interesse,

1085 445 1243 485 babentes,
1261 446 1306 477 vel
1325 445 1416 477 ctiam
1435 456 1491 488 per
1505 450 1643 478 nostram
1666 456 1821 476 muneram

1083 497 1216 531 arbitrio
1237 498 1377 541 ipsorum
1396 498 1541 541 praetecti
1561 503 1589 529 et
1607 499 1822 530 ειυικιιΙῑυιίιιιι

1083 551 1309 593 persolvendis,
1330 551 1561 583 transmitte-mli
1588 557 1613 583 et
1635 551 1822 595 deputandij.

1083 614 1119 636 ac
1143 603 1287 646 personis
1318 603 1566 647 quibuscumque
1594 604 1623 635 in
1653 606 1697 636 vel
1726 617 1822 648 prop«-

1083 656 1218 689 Confinia
1237 656 1340 688 Status
1357 656 1509 699 praedicti
1535 657 1745 689 babitantibus
1766 670 1823 701 pro

1083 708 1255 742 confinium
1294 709 1475 741 huiusmodi
1518 710 1696 741 defensione
1737 722 1823 743 arma.

1082 773 1299 806 quaecumque
1325 762 1401 805 (non
1425 767 1530 795 tamen
1550 763 1703 795 brevioris
1730 775 1819 795 men-

1082 817 1187 860 surae)
1207 815 1367 848 deserendi
1388 815 1482 847 simili
1508 815 1639 847 arbitrio
1665 816 1822 849 licentiam

1083 869 1284 909 concedendi,
1298 879 1420 902 necnon
1434 879 1543 902 omnes
1555 873 1585 901 et
1602 869 1739 911 singulas
1755 881 1825 902 cau-

1082 934 1141 964 sas,
1159 923 1236 965 lites,
1262 922 1492 956 controversias
1515 927 1545 955 et
1567 923 1767 967 quaestiones
1785 923 1823 955 de

1082 983 1111 1010 et
1124 988 1219 1021 super
1232 977 1418 1017 confinibus,
1431 977 1479 1009 vel
1496 987 1606 1009 eorum
1622 977 1750 1009 annexis
1768 988 1823 1009 sen

1082 1031 1241 1071 connexis,
1266 1031 1483 1075 principaliter
1500 1031 1547 1063 vel
1568 1031 1766 1071 secundario,
1787 1036 1822 1063 ut

1081 1085 1274 1128 praefertur,
1295 1090 1396 1117 motas
1420 1088 1449 1118 et
1473 1084 1642 1117 movendas
1667 1095 1684 1116 a
1707 1084 1822 1116 nostris

1083 1148 1190 1171 sacrae
1213 1139 1383 1177 consultae,
1401 1138 1475 1171 boni
1493 1138 1665 1180 regiminis,
1684 1144 1712 1170 et
1731 1148 1823 1180 aqua-

1082 1186 1214 1231 rumset
1233 1191 1301 1224 aliis
1326 1191 1577 1234 quibuscumque
1604 1191 1821 1231 tribunalibus,

1082 1244 1246 1285 iudicibus,
1268 1245 1528 1288 praesidentibus,
1555 1245 1822 1287 gubernatorilms

1082 1297 1175 1330 etiam
1201 1298 1302 1338 Urbis,
1322 1308 1444 1330 necnon
1469 1308 1612 1330 camerae
1630 1299 1822 1341 apostolicae

1082 1351 1221 1395 generali
1248 1356 1279 1384 et
1299 1351 1379 1384 sacri
1404 1352 1509 1395 palatii
1534 1352 1696 1395 apostolici
1718 1363 1823 1384 eausa-

1082 1416 1153 1438 rum
1177 1405 1386 1445 auditoribus,
1411 1405 1526 1438 nostris
1551 1406 1642 1437 etiam
1669 1410 1697 1437 et
1723 1406 1821 1437 dictae

1082 1459 1170 1492 Sedis
1184 1459 1221 1491 de
1234 1459 1331 1491 latere
1346 1459 1465 1501 legatis,
1479 1464 1542 1491 tam
1557 1470 1591 1491 ex
1610 1459 1712 1491 oilie-io
1727 1470 1823 1502 quam

1082 1512 1120 1544 ad
1133 1513 1271 1556 partium
1287 1512 1466 1544 instantiam
1483 1512 1698 1544 reassumendi
1712 1516 1741 1545 et
1755 1523 1823 1545 evo-

1083 1566 1182 1607 candi,
1208 1565 1322 1598 citandi
1339 1570 1369 1597 et
1386 1565 1659 1605 inhibendi,etiam
1678 1567 1735 1598 sub
1755 1576 1823 1598 cen-

1082 1619 1164 1651 suris
1181 1624 1211 1651 et
1234 1619 1344 1662 poenis
1368 1618 1436 1661 pari
1457 1619 1587 1651 arbitrio
1613 1619 1820 1662 imponendis,

1082 1673 1282 1705 moderandis
1295 1678 1323 1705 et
1338 1672 1542 1716 applicandis,
1558 1678 1585 1705 et
1603 1673 1671 1705 illas
1685 1674 1727 1705 sie
1744 1684 1823 1706 reas-

1083 1732 1222 1770 sumptas
1247 1730 1276 1758 et
1300 1731 1454 1766 avocataS,
1480 1737 1598 1765 onmes,
1616 1731 1645 1759 et
1661 1737 1824 1770 quascum-

1083 1791 1143 1824 que
1161 1781 1236 1813 alias
1252 1781 1426 1824 praemissa
1443 1781 1678 1824 quomodolibet
1698 1792 1824 1814 concer-

1082 1839 1202 1874 nentes,
1220 1833 1401 1875 summarie,
1420 1833 1606 1877 simpliciter
1620 1839 1647 1866 et
1663 1834 1700 1866 de
1718 1835 1822 1877 plano,

1083 1888 1149 1921 sola
1163 1888 1235 1920 sacti
1252 1888 1381 1921 veritate
1397 1888 1548 1931 inspecta,
1564 1898 1599 1919 ac
1614 1898 1706 1919 mann
1725 1889 1821 1930 legia,

1083 1946 1113 1973 et
1130 1941 1196 1974 sine
1213 1941 1345 1984 strepitu
1363 1946 1393 1973 et
1409 1941 1512 1983 figura
1537 1941 1653 1981 iudicii,
1679 1941 1823 1974 similiter

1083 2005 1281 2039 quacumque
1311 1995 1521 2039 appellatione
1551 1997 1673 2027 remota
1699 2006 1819 2037 eogno-

1084 2049 1199 2091 scendi,
1213 2060 1266 2082 seu
1277 2049 1393 2081 eisdem
1408 2049 1716 2091 congregationibus,
1728 2049 1824 2081 tribu-

1083 2103 1215 2145 nalibus,
1232 2103 1353 2145 legatis,
1372 2103 1527 2135 iudicibus
1545 2103 1654 2135 et‘aliis
1680 2102 1823 2145 personis

1083 2156 1184 2189 eidem
1201 2156 1438 2199 congregationi
1456 2156 1536 2188 benc
1555 2155 1626 2187 visis
1644 2155 1822 2187 remittendi

1083 2214 1113 2241 et
1137 2209 1351 2244 committendi
1377 2220 1448 2242 cum
1477 2209 1586 2241 iisdem
1614 2209 1822 2249 facultatibus,

1083 2263 1174 2297 etiam
1201 2263 1294 2295 simili
1319 2263 1468 2301 arbitrio,
1490 2268 1517 2295 et
1537 2263 1724 2306 respective,
1751 2274 1821 2295 cum

1083 2317 1320 2360 participatione
1337 2321 1440 2350 tamen
1457 2319 1574 2358 nostra,
1601 2321 1630 2350 et
1654 2327 1715 2349 non
1737 2317 1822 2355 alias,

1083 2381 1118 2403 ea
1142 2371 1248 2403 omnia
1272 2370 1383 2413 agendi
1409 2376 1436 2403 et
1462 2370 1602 2413 gerendi,
1629 2382 1708 2413 quae
1729 2381 1823 2413 super

1083 2424 1277 2465 confinibus,
1302 2424 1469 2456 territoriis
1501 2428 1530 2457 et
1562 2424 1822 2464 alienationibus,

1083 2477 1323 2516 venditionibus,
1349 2477 1650 2520 permutationilms,
1672 2478 1822 2520 praeniis-

1083 2532 1188 2575 sisque
1208 2531 1354 2563 omnibus
1371 2537 1401 2563 et
1417 2531 1548 2573 singulis
1569 2536 1598 2563 ct
1615 2531 1697 2563 circa
1715 2542 1749 2563 ea
1767 2542 1824 2564 nos

311 2581 531 2622 conficiendas,
552 2593 624 2615 curn
643 2584 892 2626 provisionibus,
918 2585 1049 2626 salariis,
1083 2588 1112 2617 et
1123 2584 1218 2617 Sedes
1229 2584 1407 2627 Apostolica
1428 2584 1529 2616 facere
1546 2594 1719 2627 possemus,
1731 2595 1824 2627 ‹piae-

348 2644 358 2670 1
378 2643 444 2670 Male
460 2643 523 2670 edit.
540 2643 618 2671 Main.
636 2644 699 2680 legit
713 2646 902 2673 comittendas
916 2647 953 2682 (R.
971 2647 1020 2682 12).

393 2697 472 2724 Bull.
492 2698 568 2725 Rom.
589 2713 624 2717 —
646 2699 706 2725 Vol.
721 2699 801 2727 XIII.
929 2699 964 2727 76

1083 2648 1143 2682 que
1159 2648 1218 2682 pro
1237 2643 1420 2671 nostrorum
1441 2637 1642 2670 subditorum
1664 2638 1768 2681 quiete
1793 2643 1823 2670 et

1838 239 1888 265 Λη.
1907 238 1934 265 (ἶ,
1956 238 2020 265 ttr27
